2484 4178
429 252 590 314 ..63-

51 357 216 420 eluotanda
231 357 417 420 videantur.
434 391 473 404 -·-
494 357 556 420 Sed
578 357 734 438 qnoniam
757 376 816 439 pro
830 362 974 424 auctori-

49 440 107 500 tate
127 437 224 504 officii
247 439 359 500 Nostri
379 455 440 519 par
461 441 512 501 est
533 439 736 517 probabilem
758 440 904 520 aliquam
925 443 972 505 rei

50 518 194 596 gerendae
224 519 387 582 rationem
418 518 643 599 Nesmetipsos
667 519 902 590 demonstrare.
926 522 974 584 sic

50 598 185 674 statuite,
202 597 345 679 primum
368 597 517 660 omnium
538 599 739 662 reddendam
763 601 973 664 Massonibus

50 695 109 740 esse
132 697 241 755 suam,
266 679 400 759 dempta
430 696 579 759 persona,
606 679 747 744 faciem:
770 682 974 761 populosque

51 775 186 821 sermone
207 767 241 821 et
262 760 350 822 datis
370 757 470 821 etiam
492 761 524 820 in
540 759 575 821 id
588 759 720 822 Litteris
734 762 975 840 episcopalibus

51 838 232 914 edocendae,
260 858 333 920 quae
361 839 427 902 sint
458 839 655 902 societatum
685 840 757 920 ejus
784 843 918 918 generis
938 842 972 903 in

50 918 237 982 blandiendo
259 919 498 1000 alliciendoque
526 919 677 998 artificia,
700 926 733 982 et
755 921 789 982 in
812 922 974 1001 opinioni-

51 998 103 1061 bus
127 1000 296 1080 pravitas,
323 1006 357 1062 et
387 1000 420 1061 in
451 999 638 1062 actionibus
668 1000 850 1080 turpitudo.
882 1002 975 1078 Quod

51 1079 164 1156 pluries
195 1081 390 1143 Decessores
422 1080 533 1142 Nostri
566 1079 827 1160 confirmarunt,
853 1099 974 1144 nomen

52 1162 135 1222 sectae
169 1162 363 1223 Massurium
401 1159 480 1222 dare
513 1177 610 1222 nemo
648 1160 710 1223 sibi
745 1161 901 1242 quapiam
936 1161 976 1223 de

52 1256 154 1302 caussa
174 1241 274 1302 licere
297 1244 401 1320 putet,
418 1241 445 1303 si
466 1241 630 1303 catholica
650 1241 809 1321 professio
831 1245 864 1304 et
885 1242 976 1304 salus

52 1336 101 1379 sua
120 1321 207 1382 tanti
230 1321 319 1400 apud
346 1320 508 1398 comsit,
535 1320 651 1401 quanti
684 1339 754 1384 esse
785 1321 893 1384 debet.
927 1323 974 1384 Ne

52 1416 135 1477 quern
156 1401 313 1464 honestas
335 1401 530 1463 assimulata
551 1401 715 1481 decipiat:
748 1406 858 1482 potest
887 1402 974 1464 enim

52 1480 237 1558 quibusdam
259 1481 378 1561 videri,
394 1481 479 1544 nibil
501 1483 669 1560 postulare
690 1483 871 1556 Massones,
888 1480 974 1562 quod

52 1566 147 1638 aperte
172 1561 219 1624 sit
240 1560 414 1640 religionis
444 1579 618 1623 morumve
649 1562 819 1624 sanctitati
846 1567 977 1624 contra·

15 1693 16 1696 ,
52 1642 133 1704 rium:
156 1646 387 1704 verumtamen
409 1642 488 1721 quia
508 1645 605 1704 sectae
627 1641 732 1721 ipsius
753 1648 824 1702 tota
844 1641 878 1703 in
893 1641 975 1703 vitio

52 1718 235 1802 flagitioque
256 1727 359 1784 estet
380 1721 465 1783 ratio
486 1727 518 1784 et
539 1739 679 1801 caussa,
706 1739 912 1799 congregare
943 1737 978 1782 se

54 1816 114 1862 eum
135 1803 197 1881 eis,
223 1818 320 1864 eosve
351 1818 483 1882 quoquo
506 1801 604 1864 modo
622 1802 752 1880 juvare,
779 1806 905 1862 rectum
927 1803 978 1864 est

54 1897 107 1942 non
126 1882 240 1944 licere.

84 1961 205 2024 Deinde
227 1961 422 2024 assiduitate
444 1960 574 2023 dicendi
602 1959 823 2040 hortandique
854 1964 980 2041 pertra-

15 2039 16 2044 ’
54 2037 116 2102 bere
135 2042 387 2104 multitudinem
410 2045 540 2122 oportet
560 2041 602 2102 ad
624 2045 787 2121 praecepta
804 2039 980 2119 religionis

15 2171 16 2196 ,
54 2118 219 2200 diligenter
239 2121 449 2185 addiscenda:
473 2122 569 2202 cujus
589 2127 635 2184 rei
658 2122 770 2200 gratio
791 2120 889 2183 valde
904 2137 980 2183 sua-

55 2199 164 2282 demus,
183 2208 223 2265 ut
243 2203 375 2282 seriptis
395 2207 429 2262 et
450 2202 663 2264 concionibus
685 2201 894 2279 tempestivis
914 2200 978 2262 ele·

54 2285 150 2344 menta
170 2301 283 2345 rerum
305 2282 590 2345 sanctissimarum
612 2283 843 2362 explanentur,
861 2281 980 2361 quibus

55 2361 222 2426 christiana
241 2362 452 2443 philosophia
473 2364 672 2424 continetur.
696 2360 788 2436 Quod
808 2361 889 2424 illuc
904 2378 977 2440 per-

56 2440 133 2518 tinet,
154 2449 196 2506 ut
216 2448 344 2506 mentes
365 2443 537 2505 hominum
559 2442 743 2504 eruditione
765 2445 925 2503 sanentur
945 2444 979 2502 et

56 2526 155 2586 contra
175 2525 376 2604 multiplices
396 2540 545 2587 errorum
565 2522 689 2584 formas
704 2526 737 2583 et
751 2521 844 2582 varia
858 2519 979 2581 invita·

57 2609 152 2666 menta
176 2605 333 2667 vitiorum
354 2605 549 2666 muniantur
578 2602 614 2663 in
646 2601 708 2663 hac
737 2601 922 2680 praesertim
946 2607 979 2659 et

57 2683 203 2746 scribendi
225 2684 362 2746 licentia
375 2690 408 2745 et
422 2684 617 2745 inexhausta
638 2681 798 2743 aviditate
819 2678 975 2742 discendi.

58 2764 265 2842 -Magnum
291 2781 370 2826 sane
391 2780 495 2844 opus:
524 2765 559 2824 in
588 2779 652 2842 quo
676 2767 790 2822 tamen
814 2759 979 2840 particeps

58 2845 83 2900 et
95 2846 201 2908 socius
221 2845 372 2906 laborum
387 2849 573 2906 vestrorum
595 2841 760 2922 praecipue
781 2841 915 2902 iuturus
929 2845 980 2900 est

58 2919 164 3005 Oleros,
193 2927 222 2988 si
242 2925 355 3002 fuerit,
382 2924 483 2986 Vobis
505 2923 743 2998 adnitentibus,
766 2938 786 2981 a
808 2920 980 3000 disciplina

57 3001 162 3072 vitae
177 3004 316 3067 scientia
331 3005 519 3066 litterarum
533 3003 634 3083 probe
649 3003 842 3063 instructus.
857 3001 978 3062 Verum

58 3082 112 3142 tom
125 3083 266 3148 honesta
286 3102 405 3146 caussa
426 3089 560 3163 tamque
581 3082 697 3158 gravis
715 3082 912 3144 advocatam
928 3078 981 3173 de-

59 3160 166 3226 siderat
186 3165 386 3228 industriam
407 3165 554 3226 virorum
576 3163 748 3241 laicorum,
765 3161 822 3303 gui
844 3160 980 3237 religio-

59 3239 101 3301 nis
113 3251 143 3304 et
155 3248 274 3326 patriae
293 3246 466 3308 caritatem
487 3261 562 3305 cum
578 3243 743 3324 probitate
788 3241 981 3320 octrinaque

61 3321 259 3404 conjungant.
277 3326 479 3388 consociatis
499 3323 676 3404 utriusque
698 3322 822 3385 ordinis
843 3320 980 3395 viribus,

62 3397 122 3464 date
147 3423 291 3486 operam,
319 3404 530 3468 venerabiles
558 3405 702 3477 Fratres,
729 3407 768 3464 ut
800 3400 980 3463 Ecclesiam

62 3483 175 3555 penitus
194 3490 228 3550 et
249 3488 457 3565 cognoscant
476 3485 627 3548 homines
648 3489 682 3546 et
696 3500 808 3545 caram
823 3481 978 3543 babeant:
