2496 4172
491 311 531 322 —
555 279 611 340 165
631 311 670 324 -

111 384 349 448 anniversariis
368 384 582 461 solemnibus,
616 384 738 464 quibus
758 383 903 464 plurima
928 389 963 450 et
982 405 1050 456 ma·

0 471 3 530 ἶ
111 464 201 528 xima
214 465 250 531 iu
264 464 428 545 populum
440 463 658 527 christianum
673 483 732 545 per
746 466 893 528 Marialis
907 472 1050 534 Rusurir‘

1 585 2 590 κ
110 561 225 626 preces
244 545 369 608 collata
388 544 547 608 beneficia
567 546 776 622 recoluntur,
809 562 921 625 preces
951 547 1050 614 hasce

1 649 7 658 Μ
109 627 200 705 ipsas
219 623 386 702 singulari
407 625 516 688 studio
537 629 608 688 toto
630 626 708 689 orbe
723 625 886 689 catholico
900 626 1050 694 adhiberi

111 705 246 783 Magna
277 706 409 784 Virgini
439 705 503 768 hoc
534 723 622 768 anno
652 707 830 785 volumus,
863 723 949 799 quo,
976 711 1052 788 Ipsa

0 774 9 803 ⁵
111 785 345 862 conciliatrice,
369 785 518 848 divinum
541 786 623 866 Ejus
643 786 768 849 Filium
788 789 911 850 nostris
940 789 1050 868 placa·

1 875 2 898 *
110 868 185 930 tum
200 870 234 930 et
247 864 440 943 mitigatum
463 866 560 929 malis
580 866 721 930 feliciter
742 866 963 948 experiamur.
984 870 1052 934 Has

110 946 220 1024 igitur
239 945 368 1008 litteras
389 945 432 1008 ad
452 947 532 1025 Vos,
554 946 767 1010 Venerabiles
798 948 941 1024 Fratres,
971 949 1053 1014 dan·

111 1025 172 1090 das
192 1026 396 1104 censuimus,
417 1031 466 1102 ut,
490 1027 636 1104 cognitis
656 1027 803 1091 consiliis
831 1029 972 1108 Nostris,
997 1047 1056 1111 po·

1 1126 2 1166 t
111 1107 269 1188 polorum
290 1107 398 1186 pietas
419 1107 461 1170 ad
482 1124 520 1169 ea
541 1107 698 1186 religiose
717 1108 918 1190 perficienda
940 1116 1053 1174 vestra

1 1273 2 1284 ἵ
110 1187 311 1250 auctoritate
332 1186 506 1268 studioque
527 1188 701 1251 excitetur.

1 1323 2 1342 2
151 1267 357 1346 Praecipuum
379 1285 507 1349 semper
527 1285 567 1329 ac
588 1269 733 1332 solemne
754 1269 925 1333 catholicis
946 1269 1053 1334 homi-

1 1363 2 1378 ¹
110 1346 211 1410 nibus
233 1346 297 1408 suit
317 1347 353 1409 in
373 1348 513 1429 trepidis
534 1347 632 1410 rebus
655 1349 827 1430 dubiisque
849 1351 1053 1430 temporibus

111 1426 153 1489 ad
176 1427 317 1489 Mariam
340 1427 521 1506 confugere
542 1433 574 1490 et
594 1429 628 1490 in
644 1432 796 1492 materna
811 1431 891 1510 Ejus
904 1430 1052 1495 bonitate

109 1506 355 1588 conquiescere.
387 1510 457 1583 Quo
488 1507 622 1588 quidem
652 1510 839 1573 ostenditur
869 1512 1052 1580 certissima

111 1605 179 1650 non
202 1587 301 1650 modo
321 1605 408 1668 spes,
431 1587 488 1652 sed
507 1589 606 1668 plane
627 1589 759 1666 fiducia,
783 1607 884 1670 quam
905 1589 1052 1656 Ecclesia

110 1667 281 1734 catholica
301 1685 431 1748 semper
450 1668 569 1731 habuit
590 1671 624 1730 in
644 1669 818 1732 Genetrice
839 1670 900 1732 Dei
916 1669 992 1749 jure
1007 1689 1053 1735 re

109 1749 267 1829 positam.
301 1750 429 1811 Revera
460 1748 627 1829 primaevae
660 1751 743 1813 labis
778 1766 898 1830 expers
931 1751 1048 1832 Virgo,

110 1827 244 1892 adlecta
263 1829 322 1890 Dei
343 1829 461 1908 Mater,
482 1832 514 1891 et
535 1827 598 1891 hoc
619 1831 690 1910 ipso
711 1829 864 1892 servandi
877 1829 1050 1894 hominum

108 1909 245 1988 generis
266 1925 402 1972 consors
422 1907 523 1986 facta,
546 1913 642 1972 tanta
672 1909 760 1990 apud
791 1909 913 1972 Filium
942 1912 1051 1989 gratia

108 1991 142 2050 et
164 1991 329 2070 potestate
351 1989 452 2065 valet,
476 1993 514 2050 ut
534 1991 695 2070 majorem
726 2008 787 2053 nec
817 1990 965 2052 humana
989 2009 1051 2055 neo

108 2067 265 2148 angelica
285 2074 408 2131 natura
429 2074 582 2132 assecuta
603 2088 752 2152 uuquam
773 2070 827 2148 sit,
846 2072 907 2134 aut
921 2074 1050 2154 assequi

106 2148 226 2228 possit.
249 2149 395 2229 cumque
417 2166 519 2212 suave
542 2151 609 2229 lpsi
629 2169 668 2213 ac
685 2150 871 2230 J'ucundum
901 2155 1050 2234 apprime

106 2230 162 2306 sit,
198 2229 351 2314 singulos
382 2247 478 2294 suam
508 2229 704 2308 flagitantes
733 2250 830 2313 opem
859 2229 980 2311 juvare
1010 2252 1050 2296 ac

108 2310 230 2391 solari;
253 2308 472 2373 dubitandum
495 2316 643 2390 nonest,
677 2311 757 2393 quin
787 2311 943 2374 Ecclesia
974 2314 1049 2377 uni-

106 2407 216 2452 versae
237 2390 325 2453 votis
345 2390 491 2453 adnuere
511 2392 619 2454 multo
640 2391 796 2455 libentius
818 2393 897 2455 velit
917 2410 956 2457 ac
974 2413 1049 2475 pro·

105 2469 287 2550 pemodum
308 2470 443 2548 gestiat.

148 2551 232 2612 Haec
253 2555 366 2614 autem
387 2555 455 2613 tam
478 2568 604 2628 magna
624 2554 658 2614 et
678 2553 776 2630 plena
796 2551 866 2630 spei
887 2549 922 2611 in
944 2570 1051 2631 augu-

104 2633 194 2694 stam
209 2629 368 2694 caelorum
382 2631 545 2710 Reginam
559 2632 666 2710 pietas
681 2631 885 2700 luculentius
899 2631 1047 2710 emicuit,

105 2727 185 2773 cum
206 2727 358 2774 errorum
379 2711 429 2773 vis
449 2711 516 2774 late
545 2712 760 2792 serpentium,
793 2712 847 2772 vel
879 2712 1050 2774 exundans

105 2807 240 2854 morum
270 2791 451 2871 corruptio,
482 2791 537 2854 vel
566 2793 755 2872 potentium
785 2791 1050 2855 adversariorum

105 2870 152 2936 im
179 2877 255 2934 etus
276 2872 475 2934 militantem
506 2872 564 2933 Dei
596 2873 780 2935 Ecclesiam
811 2873 847 2934 in
875 2874 1051 2938 discrimen

104 2889 271 3014 adciscere
293 2952 365 3014 visa
386 2956 474 3015 sunt.
498 2987 536 2998 —-
559 2953 689 3014 Veteris
711 2959 745 3015 et
765 2954 959 3017 recentioris
986 2957 1050 3020 aevi

104 3031 269 3107 historia,
292 3049 332 3095 ac
354 3032 536 3095 sanctiores
557 3032 712 3094 Ecclesia
728 3033 807 3096 lasti
821 3034 971 3112 publicas
984 3037 1050 3115 pri-

104 3115 271 3192 vatasque
293 3113 334 3174 ad
357 3113 532 3192 Deiparam
554 3111 798 3176 obsecrationes
812 3120 845 3175 et
860 3119 940 3178 vota
960 3133 1050 3178 com-

104 3195 306 3271 memorant,
329 3210 368 3254 ao
389 3191 534 3255 vicissim
556 3191 696 3273 praebIta
716 3211 775 3274 per
796 3195 907 3273 Ipsam
927 3196 1049 3257 auxilia

103 3279 306 3352 pariamque
337 3273 497 3335 divinitus
532 3273 812 3354 tranquillitatem
854 3281 887 3337 et
921 3292 1046 3355 pacem.

104 3353 194 3415 Hinc
228 3353 379 3430 insignes
413 3353 463 3414 illi
494 3352 597 3432 tituli,
629 3353 748 3432 quibus
773 3355 856 3417 Eam
877 3354 1048 3416 catholicae

104 3437 229 3512 gentes
259 3432 516 3497 christianorum
547 3433 820 3510 Auxiliatricem,
857 3432 1046 3513 Opiferam,

104 3512 313 3593 solatricem,
334 3513 499 3578 bellorum
532 3513 714 3592 Potentem,
738 3513 922 3592 Victricem,
956 3513 1049 3574 Paci-
