2576 4180
522 275 703 339 2-195-

138 383 227 446 nihil
248 401 269 446 a
289 385 388 446 Patre
409 383 619 448 contendisse
639 383 882 463 vehementius,
916 402 1017 466 quam
1048 391 1087 449 ut

136 467 231 526 inter
252 481 287 526 se
308 463 511 544 diligerent,
544 463 602 545 qui
633 464 806 527 crederent
835 468 896 527 aut
926 465 1086 529 credituri

137 547 254 607 essent
273 545 308 606 in
330 560 418 622 eum,
442 545 481 605 ut
503 560 620 608 omnes
651 561 762 607 uuum
792 547 877 624 siat,
909 547 1003 608 sicut
1035 549 1084 622 tu,

136 627 265 700 Pater,
288 629 328 686 in
349 641 415 705 me,
438 625 554 702 clepo
576 641 615 686 ta
638 626 679 703 te,
704 626 743 686 ut
764 626 798 688 et
819 629 887 702 ipat
918 629 957 686 in
988 631 1087 688 uobis

137 721 257 767 unum
277 706 352 766 stat
374 706 397 766 ¹.

182 785 305 864 Itaque
339 783 380 846 de
411 785 649 864 omnipotentis
681 784 741 847 Dei
776 784 1010 862 misericordia,
1049 803 1088 846 ac

137 865 322 928 beatorum
345 864 578 943 Apostolorum
601 865 689 926 Petri
711 868 745 928 et
764 865 859 927 Pauli
887 866 1088 927 anctoritate

136 944 273 1018 confisi,
297 961 338 1007 ex
360 945 417 1007 illa
436 944 568 1022 ligandi
589 950 690 1026 atque
725 944 876 1008 solvendi
908 948 1084 1025 potestate,

138 1041 250 1106 quam
271 1024 375 1087 Nobis
395 1025 556 1088 Dominus
576 1025 656 1086 licet
676 1024 825 1103 indignis
845 1025 999 1102 contulit,
1016 1025 1090 1088 uni-

137 1105 254 1168 versis
274 1108 308 1166 et
328 1105 473 1182 singulis
493 1107 666 1186 utriusque
687 1121 786 1167 sexus
799 1106 918 1167 christi
932 1105 1087 1168 fidelibus

137 1185 379 1342 lietdidlil
400 1185 1086 1329 iiiiii?fltdtlfltttilllitit’

518 1311 521 1318 ’
694 1315 702 1344 r
942 1315 949 1344 r
1073 1299 1088 1312 '

138 1361 226 1408 men
246 1343 435 1407 conditione
467 1349 500 1408 et
534 1346 621 1424 lege,
658 1349 697 1407 ut
729 1345 817 1409 intra
838 1346 985 1424 spatium
1007 1347 1088 1408 anni
1127 1342 1130 1349 '

138 1424 291 1567 piriquximi
303 1441 545 1566 tuooccnxxxvr
567 1426 649 1502 haeo,
667 1441 741 1506 quae
756 1425 981 1506 infrascripta
996 1429 1086 1505 sunt,

139 1523 160 1568 e
194 1521 328 1567 ecerrn.

187 1585 356 1664 Quotquot
376 1584 488 1648 Rcmae
508 1589 587 1648 sunt
608 1585 698 1648 cives
712 1585 900 1665 hospitesve
914 1586 1089 1648 Basilicam

139 1667 419 1741 Lateranensem,
442 1667 523 1728 item
544 1665 741 1727 Vaticanum
763 1670 797 1728 et
812 1665 1020 1727 liberianum
1037 1669 1087 1728 bis

139 1745 286 1808 adeant:
309 1745 422 1825 ibique
444 1745 640 1826 aliquandiu
661 1762 721 1825 pro
744 1745 900 1808 Ecclesiae
915 1744 1089 1807 catholicae

140 1829 181 1889 et
203 1825 305 1905 hujus
325 1826 522 1905 Apostolicae
542 1824 635 1888 Sedis
656 1824 872 1905 prosperitate
903 1830 936 1886 et
961 1825 1088 1886 exalta·

138 1906 252 1983 tione,
275 1921 335 1985 pro
357 1905 578 1984 extirpatione
599 1905 764 1968 haeresum
793 1904 1009 1985 omniumque
1039 1922 1089 1966 er-

138 1985 296 2047 rantium
309 1986 537 2065 conversione,
548 2003 609 2066 pro
622 1985 881 2048 christianorum
896 1986 1087 2065 Principum

139 2064 323 2128 concordia
344 2082 383 2127 ac
403 2067 508 2130 totius
528 2065 636 2127 fidelis
657 2066 773 2146 populi
793 2083 874 2146 pace
895 2068 927 2127 et
944 2065 1085 2143 unitate,

139 2145 332 2209 secundum
352 2151 500 2208 mentem
520 2146 676 2208 Nostram
699 2146 770 2226 pias
791 2145 833 2208 ad
854 2147 960 2210 Deum
974 2163 1088 2226 preces

140 2223 332 2289 effundant.
367 2226 472 2290 Iidem
507 2225 590 2288 duos
621 2224 691 2288 dies
722 2227 920 2288 esurialibus
955 2230 1087 2288 tantum

140 2305 233 2367 cibis
254 2310 386 2367 utentes
402 2307 568 2386 jejunent,
592 2310 712 2385 praeter
733 2307 802 2369 dies
824 2308 858 2368 in
873 2306 1090 2388 quadragesi-

141 2385 231 2448 mali
250 2385 380 2448 indulto
401 2404 469 2450 non
490 2385 757 2467 comprehensos,
790 2393 851 2449 aut
881 2387 966 2448 alias
987 2386 1088 2449 simili

143 2465 258 2529 stricti
275 2465 361 2545 juris
376 2467 506 2546 jejunio
528 2483 569 2528 ex
590 2471 754 2547 praecepto
786 2466 944 2530 Ecclesiae
974 2482 1088 2528 conse·

144 2550 274 2608 oratos:
298 2551 459 2626 praeterea
479 2550 616 2625 peccata
635 2565 698 2608 sua
712 2547 776 2608 rite
790 2545 933 2609 confessi
948 2545 1089 2608 sanctis·

145 2627 273 2689 simum
295 2625 515 2689 Eucharistiae
536 2631 783 2689 sacramentum
804 2626 999 2706 suscipiant,
1031 2625 1090 2687 sti-

144 2721 290 2787 pemque
310 2705 458 2787 aliquam
478 2723 538 2786 pro
559 2724 620 2768 sua
641 2707 780 2786 quisque
800 2706 971 2777 facultate,
996 2703 1089 2766 adhi-

144 2785 219 2849 bito
249 2785 285 2847 in
317 2787 494 2849 consilium
524 2785 741 2864 confessario,
774 2786 809 2848 in
839 2785 973 2866 aliquod
995 2785 1088 2865 pium

145 2865 321 2929 conferant
341 2882 436 2944 opus,
460 2865 547 3008 qqod
569 2867 611 2928 ad
633 2867 908 2946 propagationem
930 2868 963 2928 et
983 2867 1088 2929 incre-

144 2949 298 3008 mentum
319 2945 396 3008 fidei
417 2964 457 3009 ca
497 2946 590 3009 olicae
610 2947 787 3026 pertineat.
813 2947 988 3024 integrum
1016 2947 1089 3008 uni-

146 3026 270 3120 cnique
291 3024 345 3098 sit,
369 3028 457 3106 quod
477 3026 583 3100 malit,
608 3033 737 3106 optare:
774 3026 840 3089 duo
870 3030 984 3088 tamen
1006 3027 1090 3089 desi-

146 3106 287 3184 gnanda
307 3105 505 3169 nominatim
528 3110 697 3185 putamus,
719 3105 755 3168 in
777 3106 896 3187 quibus
917 3107 981 3170 erit
1002 3107 1086 3186 opti·

145 3203 201 3248 me
221 3186 386 3249 collocata
407 3186 635 3265 beneficentia,
659 3191 851 3266 utrumque,
867 3188 982 3250 multis
996 3187 1088 3264 locis,

144 3265 305 3346 indigens
326 3267 398 3346 opis
428 3272 462 3330 et
494 3268 620 3344 tutelae,
652 3268 831 3347 utrumque
861 3268 990 3330 civitati
1020 3283 1089 3328 non

147 3348 258 3409 minus
280 3363 381 3426 quam
401 3347 557 3410 Ecclesia
578 3348 805 3426 fructuosum3
832 3347 992 3410 nimirum
1010 3351 1088 3422 prt—
1193 3351 1197 3358 '

181 3523 191 3557 ¹
207 3525 226 3577 J
228 3539 292 3576 can.
303 3539 374 3589 xv11,
384 3524 423 3574 21.
