2576 4180
446 298 626 362 -191-

80 409 211 486 aptaque
241 405 312 467 suis
342 404 424 468 locis
455 403 675 467 collocatione
704 406 861 484 partium,
892 406 1006 470 ecdem

15 487 16 498 ²
80 485 138 546 fere
157 484 252 547 modo
274 501 385 546 rerum
406 502 525 548 cursus
539 483 750 564 publicarum
764 490 876 548 rectus
891 490 923 548 et
937 489 1008 550 sine

80 563 247 627 offensione
269 581 339 627 esse
360 582 428 628 non
449 568 568 646 potest,
592 565 658 627 nisi
678 569 803 627 rectam
825 566 903 628 vitae
918 567 1007 630 cives

15 701 16 720 ,
80 647 314 726 consequantur
334 645 433 708 viam.
460 646 535 727 Ipsa
556 644 731 724 disciplina
750 645 873 726 civilis,
905 651 939 709 et
965 664 1004 709 ca

15 739 16 774 r
80 724 189 799 omnia,
211 725 333 806 quibus
353 725 432 788 vitae
452 725 596 806 publicar
609 728 742 788 constat
757 725 855 806 actio,
872 728 1005 790 nonnisi

15 859 18 872 ,
79 806 261 869 auctoribus
281 803 470 868 hominibus
500 813 696 886 nascuntur,
728 804 913 869 intereunt:
946 806 1005 870 ho·

15 883 17 896 '
79 885 174 948 mines
193 890 305 948 autem
326 902 463 948 suarum
494 887 601 950 solent
633 885 827 965 opinionum
858 903 1005 950 morum-

15 979 17 1034 l
80 981 133 1044 que
152 982 339 1046 expressam
360 965 541 1044 imaginem
562 967 604 1029 iis
625 967 723 1029 rebus
744 966 915 1044 affingere.
933 969 1002 1042 Quo

78 1044 172 1122 igitur
190 1047 238 1108 cis
260 1047 431 1126 praecptis
452 1046 581 1109 Nostris
602 1049 635 1109 et
656 1047 851 1110 imbuantur
869 1048 1002 1127 penitus

15 1169 16 1176 κ
79 1125 180 1203 ammi,
202 1131 246 1203 et,
270 1126 358 1206 quod
379 1130 479 1206 caput
499 1132 559 1207 est,
583 1127 777 1208 quotidiana
796 1128 867 1189 vita
887 1129 1003 1207 singu-

15 1207 16 1210 ’
78 1201 175 1268 lorum
194 1211 346 1284 regatur,
368 1207 562 1270 enitendum
578 1210 680 1270 estut
694 1207 824 1286 singuli
839 1207 1001 1271 inducant

80 1284 213 1348 animum
235 1287 412 1350 christiane
434 1305 560 1367 sapere,
592 1287 770 1350 christiane
801 1305 903 1367 agere
934 1306 1000 1352 non

80 1364 178 1429 minus
197 1366 331 1447 publice
352 1385 452 1446 quam
472 1368 642 1447 privatim.

113 1447 213 1527 Atque
234 1447 271 1508 in
292 1465 331 1508 ea
352 1465 386 1508 re
406 1451 501 1510 tanto
523 1448 629 1528 major
650 1451 701 1510 est
721 1446 908 1510 adhibenda
922 1466 1001 1511 con-

15 1541 17 1548 ·
79 1526 179 1603 tentio,
196 1530 323 1607 quanto
348 1529 444 1607 plura
467 1528 661 1608 impendent
683 1527 999 1609 undiqueperioula.

15 1607 16 1612 ’
80 1603 142 1667 Non
162 1611 250 1680 enim
272 1607 429 1686 exiguam
450 1615 578 1687 partem
610 1625 742 1687 magnas
773 1609 838 1671 illae
869 1613 1001 1686 patrum

80 1689 255 1750 nostrorum
277 1686 417 1750 virtutes
436 1705 580 1752 cessere:
605 1687 816 1768 cupiditates,
840 1704 914 1766 quae
942 1706 1000 1769 per

80 1781 108 1824 se
125 1766 188 1828 vim
209 1766 334 1831 habent
356 1769 548 1846 maximam,
572 1769 733 1849 majorem
753 1768 888 1830 licentia
912 1785 1001 1848 quae·

15 1855 17 1920 ζ
80 1843 224 1909 siverunt:
237 1847 431 1926 opinionum
441 1849 582 1928 insania,
598 1849 700 1910 nullis
712 1851 770 1911 aut
781 1864 899 1928 parum
915 1849 1001 1927 aptis

79 1941 253 2006 compressa
283 1927 394 2006 freniS,
418 1935 532 1992 manat
558 1929 702 2008 quotidie
722 1929 875 2007 longius:
898 1945 938 1990 ex
960 1929 1000 1991 iis

15 2011 17 2082 j
78 2002 156 2082 ipsis,
178 2009 232 2088 qui
255 2011 344 2070 recte
371 2009 528 2088 sentiant,
551 2011 664 2089 plures
685 2011 887 2088 praepostero
918 2025 1002 2102 quo·

79 2083 143 2148 dam
163 2089 288 2168 pudore
309 2087 457 2150 deterriti
479 2107 546 2152 non
561 2089 684 2151 audent
699 2089 733 2151 id
748 2088 835 2169 quod
851 2091 1000 2152 sentiunt

78 2164 164 2230 libere
186 2167 345 2248 profiteri,
368 2169 539 2250 multoque
561 2169 673 2232 minus
694 2171 802 2250 reipsa
824 2167 1011 2248 perficere:-

79 2243 315 2312 deterrimorum
337 2247 389 2310 vis
409 2251 634 2328 exemplorum
651 2250 685 2310 in
699 2267 807 2312 mores
824 2250 1002 2330 populares

15 2389 16 2412 ,
78 2328 184 2404 passim
206 2327 334 2391 induit:
359 2330 534 2392 societates
556 2329 729 2392 hominum
751 2347 817 2392 non
839 2330 998 2409 honestae,

79 2421 139 2484 quae
160 2427 179 2470 a
201 2409 453 2488 Nobismetipsis
475 2411 557 2472 alias
577 2409 760 2488 designatae
782 2426 872 2488 sunt,
900 2409 1000 2486 flagi·

78 2486 222 2552 tiosorum
244 2490 368 2551 artium
389 2490 627 2569 scientissima,
660 2492 781 2570 populo
818 2490 999 2570 imponere,

78 2572 105 2626 ct
123 2573 282 2649 quotquot
303 2573 454 2651 possunt,
477 2588 497 2631 a
520 2572 594 2645 Deo,
626 2589 645 2631 a
667 2572 842 2633 sanctitate
875 2569 997 2632 officio-

15 2675 17 2696 r
78 2662 149 2728 rum,
165 2649 261 2712 afide
276 2650 459 2713 christiana
479 2650 671 2713 abstrahere
692 2654 791 2731 atque
813 2649 998 2712 abalienare

15 2745 16 2750 ¹
79 2730 280 2793 contendunt.

15 2821 19 2842 *
110 2808 162 2872 Tot
182 2811 289 2888 igitur
309 2811 535 2891 prementibus
556 2809 663 2889 malis,
687 2827 761 2891 quae
776 2811 828 2872 vel
844 2811 915 2922 ipsa
929 2808 1002 2870 diu·

15 2891 18 2936 i
78 2887 208 2953 turritas
230 2890 359 2970 majora
382 2890 474 2969 facit,
507 2891 620 2953 nullus
650 2894 699 2952 est
733 2889 834 2952 Nobis
866 2894 1000 2968 praeter-

15 3033 16 3044 ,
78 2966 245 3033 mittendus
266 2971 371 3044 locus,
394 2970 452 3050 qui
473 2987 566 3050 spem
587 2970 826 3034 sublevationis
850 2971 999 3051 aliquam

15 3047 17 3128 ζ
77 3045 190 3114 afferat.
215 3051 287 3113 Hoc
307 3052 443 3114 consilio
465 3059 497 3113 et
518 3051 580 3112 hac
602 3068 658 3131 spe
673 3067 803 3112 sacrum
817 3051 999 3127 Jubilaeum

15 3155 16 3174 κ
76 3125 217 3193 indicturi
238 3149 364 3210 sumus,
388 3131 561 3194 monendis
591 3130 871 3211 cohortandisque
903 3135 999 3212 quot-

15 3245 17 3292 ζ
77 3215 144 3286 quot
163 3229 224 3274 sua
245 3215 296 3274 est
316 3211 406 3274 cordi
427 3212 529 3289 salus,
563 3215 600 3272 ut
635 3210 798 3290 colligant
818 3211 999 3292 paullisper

77 3303 146 3369 sese,
169 3297 201 3356 et
223 3291 389 3356 demersas
410 3292 444 3353 in
464 3297 588 3354 terram
608 3291 830 3368 cogitationes
860 3292 902 3354 ad
923 3309 1000 3353 me·
1064 3326 1067 3332 ·

15 3373 16 3414 1
76 3365 145 3432 liora
164 3372 352 3435 traducant.
376 3370 468 3447 Quod
489 3389 556 3434 non
572 3371 713 3452 privatis
727 3373 846 3448 solum,
864 3371 919 3434 scd
935 3369 997 3432 toti

15 3499 16 3506 ,
76 3447 213 3516 futurum
234 3456 285 3515 est
305 3451 495 3531 reipublicae
516 3452 672 3528 salutare,
709 3456 882 3530 propterea
911 3449 998 3531 quod

76 3539 223 3609 quantum
245 3532 375 3612 singuli
394 3531 593 3612 profecerint
613 3532 648 3595 in
670 3531 773 3594 animi
794 3531 997 3611 perfectione
