2576 4180
452 233 631 294 -203-

18 319 20 382 l
86 339 218 432 illustria
231 340 381 403 omnium
395 343 581 432 temporum
596 343 813 433 monumenta
826 339 1010 422 declarant,

86 418 784 582 ldtlfflldltttlltl‘illitati
799 424 1016 565 traditi

85 579 179 642 riores
198 519 328 643 fluctus
349 580 390 643 ab
411 597 451 642 ea
471 579 627 660 percepit.
652 579 807 641 Romanis
827 586 916 642 certe
931 582 1014 644 Pon·

86 659 218 723 tifioibus
241 659 341 734 ltalia
354 663 524 739 acceptam
538 659 662 722 referre
676 657 772 722 debet
785 659 926 724 solidam
940 661 1013 739 glo·

18 775 19 808 ᾗ
85 740 160 802 riam
180 744 213 802 et
234 740 498 818 amplitudinem,
521 756 587 819 qna
608 740 752 819 reliquas
773 739 860 802 inter
894 745 1014 818 gentes

18 821 19 880 l
85 821 224 882 eminuit.
249 821 401 901 Ipsorum
415 823 597 882 auotoritas
611 824 852 901 paternumque
866 820 1014 884 studium

85 916 145 962 non
164 901 266 963 semel
286 917 359 962 eam
380 900 422 962 ab
443 900 589 963 hostium
610 900 738 979 impetu
764 902 859 973 texit,
892 900 1014 963 cidem-

83 997 142 1058 que
162 980 314 1043 levamen
335 984 369 1043 et
389 997 485 1060 opem
506 981 632 1057 attulit,
669 984 706 1042 ut
737 981 902 1044 catholica
932 980 1014 1044 fides

18 1099 25 1110 .
86 1059 170 1122 nullo
190 1078 258 1122 non
279 1063 426 1142 tempore
447 1061 482 1123 in
505 1061 664 1122 Italorum
692 1060 849 1124 cordibus
879 1061 1014 1140 integra

18 1133 19 1152 ¹
84 1140 309 1203 custodiretur.

18 1209 19 1226 ¹
120 1219 315 1299 Hujusmcdi
336 1219 619 1282 Praedecessorum
653 1219 851 1282 Nostrorum
882 1221 1025 1299 merita,

87 1301 118 1360 ut
136 1307 244 1364 cetera
271 1305 523 1381 praetereamus,
548 1300 691 1362 maxime
713 1303 855 1362 testatur
889 1318 1015 1364 memo·

86 1381 128 1440 ria
146 1383 332 1460 temporum
353 1382 384 1442 S.
409 1379 528 1443 Leonis
543 1381 669 1459 Magni,
686 1380 867 1443 Alexandri
882 1382 945 1459 Ill,
963 1383 1014 1444 ln·

86 1461 218 1524 nocentii
242 1462 303 1540 lll,
327 1462 358 1522 S.
382 1459 433 1520 Pii
454 1461 494 1537 V,
520 1461 637 1523 Leonis
652 1461 681 1522 X
696 1460 904 1542 aliorumque
928 1463 1013 1524 Pon-

87 1538 211 1616 tificum,
236 1557 378 1622 qnorum
400 1557 501 1620 opera
521 1542 575 1603 vel
605 1540 762 1619 auspiciis
783 1541 838 1603 ‘ab
866 1545 1013 1606 extremo

87 1620 215 1696 excidio,
240 1620 327 1702 quod
348 1638 369 1682 a
383 1619 532 1684 barbaris
547 1620 769 1700 impendebat,
788 1620 886 1682 Italia
900 1639 1014 1702 sospes

23 1731 24 1736 κ
86 1703 190 1774 erasit,
212 1701 442 1781 incorruptam
464 1699 603 1762 retinuit
625 1701 798 1781 antiquam
819 1700 932 1780 fidem,
961 1708 1013 1763 at-

88 1781 257 1858 quainter
290 1781 445 1844 tenebras
480 1781 738 1861 squaloremque
771 1780 912 1843 rudioris
950 1783 1013 1844 aevi

87 1860 289 1923 scientiarum
320 1863 432 1922 lumen
467 1866 500 1922 et
532 1861 739 1939 splendorem
770 1861 892 1924 artium
914 1861 1012 1940 aluit,

87 1937 310 2021 algentemque
331 1940 487 2002 servavit.
511 1941 665 2002 Testatur
686 1941 809 2003 Nostra
829 1941 900 2004 hacc
924 1942 1013 2004 alma

18 2045 20 2082 r
88 2018 161 2082 Urbs
181 2021 378 2084 Pontificum
398 2020 508 2097 Sedes,
533 2038 607 2102 quae
628 2020 718 2082 huno
740 2039 781 2083 ex
803 2020 1013 2085 iisiructum

18 2083 20 2142 ἶ
88 2101 256 2189 maximum
278 2101 376 2182 cepit,
401 2106 528 2195 utnon
549 2101 658 2164 solum
681 2100 839 2194 arxddei
859 2102 1012 2164 munitis-

18 2223 20 2276 *
88 2185 278 2324 liniti
299 2179 479 2340 altitu
493 2181 965 2340 illidittdltdtltt
980 2185 1014 2324 t

89 2339 327 2404 admirationem
358 2345 391 2404 et
421 2341 668 2403 observantiam
699 2341 901 2404 conciliaret.
932 2343 1013 2404 Cum

88 2415 193 2484 harum
213 2439 325 2484 rerum
346 2420 531 2499 amplitudo
561 2420 604 2483 ad
630 2423 789 2484 aeternam
820 2423 1014 2484 memoriam

89 2502 300 2564 monumentis
333 2500 481 2564 historiae
515 2501 559 2562 sit
592 2500 726 2580 tradita,
761 2500 851 2562 facili
877 2504 1013 2578 negotio

88 2575 287 2660 intelligitur,
309 2598 375 2643 non
397 2581 544 2661 potuisse
566 2581 629 2643 nisi
650 2597 707 2661 per
728 2580 881 2643 hostilem
897 2582 1014 2643 volun-

89 2660 441 2741 tatemindignamque
462 2662 677 2739 calumniam,
702 2659 743 2722 ad
764 2660 936 2722 hominum
958 2661 1013 2723 de-

88 2741 270 2819 ceptionem,
293 2759 383 2810 voce,
396 2758 435 2803 ac
456 2741 576 2804 litteris
598 2739 741 2817 obtrudi,
766 2740 852 2802 hanc
874 2743 1013 2820 Aposto-

88 2815 172 2882 licam
192 2822 308 2884 Sedem
329 2821 422 2883 civili
444 2821 642 2902 populorum
662 2821 769 2883 cultui
791 2824 825 2883 et
847 2823 952 2884 ltaliae
966 2821 1013 2884 fe·

88 2895 193 2962 licitati
215 2901 452 2980 impedimento
474 2919 556 2964 esse.

120 2979 149 3041 Si
168 2981 275 3060 igitur
294 2998 373 3061 spes
393 2999 507 3044 ornnes
536 2981 642 3043 Italiae
673 2981 832 3061 Orbisque
864 2980 1014 3045 universi

89 3055 116 3118 in
133 3076 169 3122 ea
188 3061 223 3124 vi
244 3062 412 3124 communi
432 3061 572 3124 utilitati
604 3065 637 3124 et
668 3062 755 3125 bono
781 3062 1012 3141 saluberrima,

88 3151 143 3215 qua
161 3140 251 3204 Sedis
273 3142 470 3221 Apostolicae
490 3143 594 3221 pollet
617 3142 809 3219 auctoritas,
843 3150 876 3204 et
907 3145 942 3206 iu
963 3161 1014 3205 ar·

88 3217 219 3284 ctissime
239 3238 330 3284 nexu
350 3226 430 3284 sunt
450 3222 580 3301 positae,
605 3223 661 3301 qui
683 3238 797 3284 omnes
818 3223 1014 3284 christifide

89 3294 128 3358 les
145 3316 218 3363 cum
239 3301 387 3364 Romano
410 3301 567 3364 Pontifice
590 3301 769 3378 devinciat,
802 3301 885 3366 nihil
911 3301 1014 3365 Nobis

89 3379 185 3454 potius
206 3397 277 3444 esse
293 3380 413 3444 debere
427 3381 672 3458 cognoscimus,
688 3398 788 3462 quem
803 3384 841 3443 ut
857 3383 1011 3444 Romanae

91 3455 245 3524 Gathedrae
265 3478 363 3524 suam
384 3461 585 3539 dignitatern
607 3467 731 3524 sartam
745 3465 933 3541 tectamque
946 3478 1014 3524 ser-
