2554 4182
476 235 657 295 -295-

94 339 230 420 exigat,
252 339 424 403 commode
443 343 583 419 possunt
604 357 672 401 non
693 357 773 402 sane
801 339 945 404 doctoris
977 341 1038 405 sibi

27 481 28 496 ,
94 426 205 500 partes
225 437 403 495 assumere,
427 419 485 482 sed
505 437 560 494 ea,
584 436 658 500 quae
678 420 740 499 ipsi
761 420 961 500 acceperint,
979 424 1039 484 im-

27 529 29 578 ;
94 502 215 580 pertire
235 499 371 578 ceteris.
390 499 629 578 magistrorum
652 499 725 562 voci
745 505 939 563 resonantes
953 497 1040 564 t'am-

27 583 28 666 J
95 598 194 662 quam
215 581 341 660 imago.
359 579 443 656 Quin
464 582 530 642 imo
551 581 758 658 privatorum
780 597 881 660 opera
903 582 973 642 visa
991 587 1041 644 est

27 679 28 704 1
97 661 248 723 Patribus
270 661 405 724 Gonciiii
427 660 581 722 Vaticani
609 659 819 740 usqueadeo
851 665 1040 741 opportuna

96 759 135 802 ac
156 739 340 818 frugifera,
363 743 402 803 ut
421 757 557 820 prorsus
584 739 824 820 deposcendam
842 740 1037 820 judicarint.

100 823 221 883 Omnes
242 823 662 899 christifidele3,maccime
677 837 760 883 cero
776 837 845 899 ecs,
868 826 929 895 qur·
946 838 1040 896 prce-

95 903 189 980 smrt,
206 906 261 964 cel
282 903 424 964 docendi
438 917 582 964 munere
596 903 810 980 fuscantur,
825 907 1039 977 perviscera

96 986 178 1043 Jesu
203 984 334 1044 Christi
355 983 587 1055 obtestamur,
611 997 675 1044 ceo
695 997 767 1044 coc
791 985 946 1057 ejusdem
976 985 1039 1044 Dei

96 1063 128 1122 et
151 1063 347 1124 Sotcotcrts
368 1063 483 1124 nostri
508 1063 719 1124 auctoritate
735 1065 908 1140 jubemus
933 1063 972 1123 ui
994 1065 1039 1122 att

96 1144 155 1202 hos
187 1156 327 1204 errores
358 1157 380 1204 a
406 1143 532 1204 saccio
554 1145 711 1204 Ecclesia
733 1144 958 1205 arcessisset
980 1146 1040 1204 eir·-

96 1225 292 1296 micanum,
315 1223 419 1297 utque
437 1225 639 1298 purissime
660 1223 740 1293 licei
764 1226 873 1286 lucem
885 1226 1039 1298 pandec-

96 1301 174 1362 ttam
196 1301 352 1364 studium
372 1304 406 1366 et
421 1317 563 1378 operam
584 1305 769 1375 conferant
784 1305 807 1364 1.
830 1337 871 1348 -
885 1303 1039 1366 ceterum

27 1405 28 1414 ¹
96 1395 202 1443 serere
223 1379 323 1442 fidem
344 1381 543 1444 catholicam
565 1381 763 1444 auctoritate
785 1384 939 1462 exempli,
962 1399 1038 1461 pro-

95 1459 312 1540 fessionisque
333 1461 520 1532 constantia
534 1460 725 1541 predicare,
742 1464 880 1554 quisque
894 1479 929 1524 se
943 1479 1038 1541 posse

96 1557 134 1601 ac
155 1540 275 1603 debere
297 1542 493 1606 meminerit.
513 1575 549 1586 -
566 1543 606 1603 In
627 1540 742 1604 officiis
763 1541 869 1620 1gitur
891 1558 965 1617 qnae
979 1558 1039 1603 nos

93 1618 245 1698 jungunt
267 1621 334 1684 Deo
348 1626 448 1702 atque
462 1622 631 1697 Ecclesia,
646 1621 709 1684 hoc
730 1629 781 1684 est
795 1621 1040 1684 numerandum

96 1701 261 1778 maxime,
298 1705 336 1762 ut
365 1702 399 1764 in
435 1702 575 1764 veritate
605 1701 787 1764 christiana
821 1701 1040 1780 propaganda

95 1781 391 1864 propulsandisque
422 1781 589 1845 erroribus
623 1781 772 1844 elaboret
806 1783 1043 1860 singulorum

98 1860 208 1941 quoad
229 1867 349 1939 potest,
367 1862 542 1924 industria.

27 1973 28 1976 π
134 1940 261 2016 Quibus
282 1945 393 2004 tamen
414 1941 530 2004 officiis
551 1958 618 2004 non
639 1943 698 2020 ita,
715 1945 750 2004 nt
765 1945 905 2020 oportet,
922 1958 1040 2002 cumu-

97 2021 162 2082 late
194 2025 228 2082 et
259 2021 386 2084 utiliter
416 2015 738 2099 sessiacensem,
763 2025 791 2084 si
812 2021 870 2084 alii
890 2038 1040 2084 seorsum

97 2101 136 2163 ab
164 2101 239 2163 aliis
269 2101 304 2163 in
334 2104 503 2164 certamen
534 2100 774 2165 descenderint.
804 2136 844 2146 -
876 2101 1041 2165 Futurum

97 2197 176 2242 sane
207 2181 307 2243 Jesus
338 2181 487 2244 Christus
517 2182 744 2260 significavit,
773 2186 812 2244 ut
842 2198 943 2262 quam
969 2182 1039 2260 ipse

98 2260 310 2326 offensionem
348 2260 519 2324 hominum
553 2261 778 2344 invidiamque
817 2262 907 2342 prior
942 2279 1038 2324 exce-

29 2385 32 2400 .
97 2341 164 2420 pit,
188 2341 223 2402 in
255 2340 406 2403 eamdem
437 2341 509 2420 pari
539 2341 636 2404 modo
667 2359 750 2422 opus
785 2361 805 2404 a
836 2359 872 2405 se
909 2341 1041 2404 institu-

29 2501 30 2506 ἵ
97 2425 169 2483 tum
199 2421 401 2497 incurreret;
424 2421 472 2482 ita
502 2422 600 2502 plane
631 2426 670 2484 ut
697 2421 903 2485 adsalutem
927 2419 1040 2501 perve-

98 2501 183 2580 nire,
205 2501 308 2580 ipsius
327 2500 487 2564 beneficio
508 2507 650 2581 partam,
673 2502 772 2564 multi
793 2519 907 2582 reapse
932 2502 1042 2579 prohi-

99 2580 264 2644 berentur.
302 2583 409 2658 Quare
440 2581 548 2646 voluit
581 2597 648 2643 non
684 2582 837 2644 alumnos
868 2580 1042 2642 dumtaxat

27 2685 28 2740 3
99 2661 269 2724 instituere
292 2661 473 2742 disciplinae
493 2679 584 2743 suae,
606 2661 662 2724 sed
682 2661 743 2724 hos
763 2662 852 2741 ipsos
883 2660 1041 2723 societate

27 2759 31 2800 κ
99 2741 324 2822 conjungere,
346 2740 436 2803 etin
457 2759 562 2804 unum
584 2758 714 2820 corpus,
738 2746 827 2816 quod
853 2743 904 2804 est
926 2745 1041 2804 coete-

99 2827 152 2884 sta
172 2821 210 2901 2,
232 2819 328 2901 cujus
349 2826 434 2883 esset
454 2821 525 2902 ipse
546 2827 665 2902 caput,
688 2825 764 2900 apte
792 2825 1038 2900 coagmentare.

100 2900 248 2964 Permeat
268 2903 381 2982 itaque
402 2901 472 2964 vita
493 2901 614 2964 Christi
641 2902 723 2964 Jesn
745 2913 803 2980 per
823 2905 929 2963 totam
950 2919 1040 2965 oom-

99 2996 219 3060 pagem
241 2983 399 3061 corporis,
415 2981 475 3044 alit
495 2999 535 3043 ac
549 2984 716 3044 sustentat
731 2982 868 3060 singula
881 2982 1039 3059 membra,

101 3077 201 3143 eaque
222 3063 379 3141 copulata
399 3066 490 3124 tenet
510 3063 596 3134 inter
617 3079 653 3126 se
674 3060 772 3124 etad
786 3061 940 3124 eumdem
954 3078 1042 3128 com·

27 3157 28 3168 ¹
102 3142 207 3213 oosita
226 3141 338 3219 finem,
356 3143 508 3222 quamvis
529 3159 597 3204 non
617 3142 733 3204 eadem
754 3141 805 3210 sit
818 3143 904 3204 ectio
926 3141 1043 3218 singu-

27 3239 28 3304 ῑ
102 3220 207 3283 lorum
222 3222 245 3284 ³.
263 3222 323 3308 His
344 3221 383 3284 de
404 3223 530 3284 caussis
545 3239 612 3283 non
628 3221 724 3285 modo
739 3222 886 3302 perfecta
901 3221 1043 3284 societas

27 3315 28 3340 i

139 3354 148 3388 ¹
166 3353 263 3406 Oonst.
281 3354 336 3406 Dei
352 3353 452 3418 Filius,
470 3353 523 3404 snb
541 3353 589 3406 fin.

138 3415 274 3468 ’Goloss
292 3433 310 3480 1,
327 3417 365 3468 24.

136 3479 147 3513 ⁸
163 3479 240 3532 Sicut
256 3481 325 3530 enim
342 3479 371 3531 iu
387 3495 440 3532 ono
457 3495 569 3544 corpore
582 3479 668 3530 molto
680 3479 797 3530 membra
810 3478 942 3540 habemus,
954 3475 1044 3526 omnio
