2554 4182
521 257 637 320 -347
660 292 698 303 -

134 367 231 425 tates·
245 363 383 443 expetit,
407 363 549 441 exiguas
570 363 644 428 iilas
666 363 796 444 quidem
817 383 876 428 nec
898 365 1071 446 periectas,

133 443 194 506 sed
214 443 390 506 societates
409 447 532 507 tamen.
553 445 644 507 Inter
665 444 725 508 has
746 452 780 508 et
801 463 959 524 magnam
982 447 1073 510 illam

134 523 326 587 societatem
342 523 383 586 ob
398 522 589 586 differentes
606 541 741 587 caussas
754 525 923 606 proximas
937 527 1074 589 interest

134 603 329 684 plurimum.
353 603 444 666 Finis
475 603 564 666 enim
596 605 747 668 societati
772 606 863 668 civili
884 607 1075 688 propositus

134 683 281 764 pertinet
307 685 348 745 ad
370 683 556 764 universos,
580 685 737 765 quoniam
768 687 936 750 communi
967 688 1073 749 conti-

134 767 235 826 netur
249 764 345 828 bono:
369 764 466 844 cujus
482 782 594 828 omues
615 771 649 829 et
669 767 821 845 singulos
842 784 901 847 pro
923 768 1073 847 portione

135 848 306 924 compotes
326 862 398 908 esse
415 845 552 925 jusest.
583 846 688 922 Quare
714 847 900 927 appellatur
921 850 1072 928 publica,

136 926 216 1006 quia
237 943 295 1006 per
315 943 388 988 eam
418 929 573 989 homines
604 931 670 990 sibi
702 931 852 990 inbicem
883 932 1074 992 commuui-

134 1007 216 1068 ebrti
249 1011 288 1066 tn
320 1023 392 1068 unu
423 1011 599 1082 republica
631 1009 873 1072 constituenda
901 1011 923 1068 1.
952 1009 1073 1070 Contra

135 1104 225 1160 vero,
250 1103 324 1164 quae
345 1087 379 1147 in
401 1085 474 1166 ejus
498 1089 586 1149 velut
618 1088 695 1149 sinu
722 1087 916 1169 junguntur
936 1089 1075 1150 societa-

134 1171 196 1239 tes,
218 1167 359 1246 privatae
380 1166 545 1229 habentur
569 1171 602 1230 et
623 1173 722 1244 sunt,
747 1172 825 1249 quia
857 1169 1012 1231 videlicet
1033 1169 1073 1230 il·

136 1247 204 1324 lud,
228 1263 294 1326 quo
325 1247 472 1328 proxime
504 1253 666 1328 spectant,
690 1248 820 1328 privata
851 1249 980 1312 utilitas
1011 1255 1074 1321 est,

134 1327 177 1390 ad
208 1328 296 1389 solos
327 1327 494 1407 pertinens
526 1329 743 1391 consociatos.
779 1333 927 1393 Privata
958 1331 1074 1392 butem

134 1409 283 1471 societas
299 1411 361 1486 esi,
379 1425 457 1482 quac
478 1411 523 1470 ab
537 1413 677 1484 aliquod
694 1412 874 1486 capotium
893 1413 1074 1487 privatum

133 1491 367 1552 caementum
400 1490 651 1567 comitabitur,
678 1493 769 1552 sicut
801 1495 890 1565 quob
920 1495 987 1552 buo
1020 1495 1074 1553 bct

135 1571 206 1631 tres
227 1570 430 1631 societatem
452 1570 587 1645 tabunt,
610 1572 650 1632 ut
675 1573 788 1633 simut
801 1572 1028 1647 sanctientur
1048 1571 1071 1631 2.

134 1649 231 1712 Nunc
252 1665 332 1712 vero
353 1666 555 1730 quamquam
577 1649 752 1713 satietates
765 1651 905 1731 privatae
925 1651 1074 1712 existunt

134 1728 168 1791 in
189 1729 340 1807 civitate,
358 1728 495 1811 ejusque
516 1733 596 1792 sunt
617 1731 711 1794 velut
731 1734 841 1812 partes
858 1731 1009 1808 totidem,
1026 1734 1075 1792 ta-

133 1826 211 1871 men
232 1809 385 1872 universe
407 1827 446 1871 ac
467 1827 523 1889 per
544 1827 580 1873 se
601 1829 667 1874 non
689 1816 740 1874 est
770 1813 805 1875 in
825 1814 990 1893 potestate
1011 1809 1073 1871 rei-

134 1889 276 1968 publicae
296 1906 338 1953 ne
360 1889 507 1954 existant
526 1891 711 1972 prohibere.
734 1893 885 1954 Privatus
909 1889 996 1953 enirn
1019 1905 1071 1952 so-

132 1969 272 2032 cietates
293 1969 378 2032 inire
398 1988 594 2035 concessum
614 1976 664 2034 est
684 1972 809 2035 homini
828 1972 903 2052 jure
924 1977 1070 2032 natura:

134 2058 185 2112 est
206 2054 319 2113 autem
341 2048 384 2112 ad
433 2051 602 2114 raesidium
625 2053 711 2132 juris
732 2051 896 2115 naturalis
917 2049 1073 2112 instituta

132 2131 265 2210 civitas,
287 2148 395 2194 nona
438 2131 621 2194 interitum:
646 2149 749 2212 eaque
771 2131 800 2194 si
822 2131 945 2195 civium
966 2133 1074 2194 coetus

132 2211 252 2275 sociari
287 2211 454 2290 vetuerit,
477 2212 575 2291 plane
610 2228 722 2274 secum
755 2213 944 2293 pugnantia
978 2215 1071 2290 agat,

155 2294 309 2372 ropterea
329 2291 416 2371 quod
438 2295 508 2354 tarn
530 2293 603 2371 ipsa
624 2309 726 2372 quam
747 2297 853 2356 coetus
870 2293 991 2374 privati
1006 2309 1073 2354 uno

132 2309 196 2435 Eoo
217 2390 235 2434 e
255 2371 416 2452 principio
437 2376 633 2452 nascuntur,
650 2371 738 2452 quod
758 2373 907 2437 homines
922 2376 1000 2435 sunt
1013 2389 1072 2433 na·

134 2457 211 2514 tura
236 2452 498 2530 congregabiles.
520 2487 558 2496 -
592 2452 748 2515 Incidunt
779 2453 958 2534 aliquando
989 2456 1073 2514 tern-

132 2549 215 2612 pora
245 2550 323 2595 curn
353 2533 384 2594 ei
416 2533 535 2610 generi
564 2534 844 2596 communitatum
875 2536 1004 2596 rectum
1029 2532 1073 2592 sit

131 2614 223 2692 leges
245 2612 427 2676 obsistere:
449 2614 574 2676 scilicet
595 2615 624 2677 si
646 2614 827 2695 quidquam
854 2631 896 2676 ex
916 2612 1071 2676 instituto

132 2696 385 2774 persequantur,
410 2693 594 2775 quodcum
616 2694 801 2774 probitate,
826 2711 901 2756 cum
923 2691 1066 2771 justitia,

131 2791 210 2836 cum
241 2773 430 2868 reipublicae
461 2774 569 2837 salute
599 2779 714 2852 aperte
745 2773 911 2836 dissideat.
949 2771 1072 2864 Quibus

132 2853 168 2916 in
190 2871 316 2917 caussrs
334 2853 410 2933 jure
431 2852 567 2934 quidem
588 2858 735 2933 potestas
756 2854 899 2934 publica,
924 2870 988 2932 quo
1009 2869 1071 2914 nu-

132 2952 196 2996 nus
218 2934 284 2996 illae
305 2934 504 3010 coalescant,
527 2934 695 3015 impediet:
724 2933 801 3015 jure
832 2935 931 2998 etiam
954 2932 1073 2995 dissol-

131 3019 189 3077 vet
209 3015 364 3094 coalitas3
387 3032 553 3077 summam
574 3021 686 3078 tamen
707 3015 863 3078 adhibeat
883 3013 1072 3077 cautionem

132 3112 267 3158 necesse
282 3097 343 3176 est,
359 3113 401 3158 ne
419 3096 497 3176 jura
518 3095 641 3158 civium
662 3095 806 3174 migrare
828 3094 992 3172 videatur²
1008 3110 1073 3155 neu

132 3175 315 3257 quidquam
347 3193 404 3256 per
425 3175 568 3256 speciem
594 3175 749 3239 utilitatis
770 3175 910 3256 pubiicae
931 3177 1070 3250 statuat,

131 3256 220 3336 quod
252 3255 338 3319 ratio
371 3273 438 3318 non
459 3256 586 3336 probet.
610 3258 756 3319 Eatenus
787 3257 876 3319 enim
903 3255 1071 3334 obtempe-

163 3388 172 3422 ¹
190 3388 216 3441 S.
234 3387 334 3442 Thom.
350 3388 459 3441 Contra
475 3388 682 3453 impugnantes
698 3387 751 3440 Dei
768 3361 880 3459 auitum
905 3391 935 3439 et
957 3388 1073 3453 religio·

130 3465 285 3564 surr·
301 3453 325 3504 2·
