2576 4180
479 251 659 312 ..273-

92 359 264 441 inquinati
278 374 461 440 provenere
471 356 610 420 fructus.
628 356 662 418 Si
677 355 856 420 remedium
871 358 1041 438 quaeritur,

93 457 256 503 sanarum
291 438 518 502 doctrinarum
552 436 764 500 revocatione
799 440 988 518 quaeratur,
1025 455 1045 500 a

94 520 217 602 quibus
239 520 319 582 solis
339 515 548 582 conservatio
570 516 702 591 ordinis,
724 517 871 598 adeoque
892 534 980 580 verae
993 522 1046 581 tu-

94 601 166 663 tela
187 599 354 663 libertatis
366 597 514 666 ‚fidenter
534 598 701 677 expectari
722 599 842 678 potest.
859 633 899 642 —
919 597 1045 661 Nihilo·

95 681 210 744 minus
242 683 393 742 materno
420 676 547 758 judicio
578 676 727 740 Ecclesia
761 678 904 740 aestimat
939 693 1044 755 grave

95 759 229 840 pondus
250 758 454 822 infirmitatis
473 756 647 820 humanae:
663 761 697 819 et
717 758 826 838 qualis
840 758 895 821 hic
908 757 962 838 sit,
980 775 1045 838 quo

96 845 215 904 nostra
235 840 368 903 vehitur
389 840 481 917 aetas,
504 838 694 901 animorum
719 854 829 900 rerum
852 855 893 902 ue
915 854 1044 915 cursus,
1071 905 1073 912 ,

97 938 168 983 non
194 921 341 1012 ignorat.
364 919 424 980 His
445 918 485 980 de
507 918 645 996 caussis,
668 917 751 980 nihil
773 855 905 999 quidem
925 917 1045 997 imper·

97 1000 188 1063 tiens
207 999 293 1080 Juris
314 999 379 1061 nisi
400 997 444 1059 iis
464 1015 538 1077 quae
558 1014 639 1060 vera
654 1015 792 1078 quaeque
809 997 949 1061 honesta
964 998 1044 1076 sint,

97 1098 168 1144 non
188 1083 323 1142 recusat
344 1078 522 1159 quominus
544 1076 713 1157 quidpiam
733 1097 754 1140 a
781 1078 921 1141 veritate
945 1078 1046 1158 justi-

97 1162 213 1240 tiaque
234 1160 383 1223 alienum
402 1157 490 1220 ferat
510 1161 623 1219 tamen
643 1158 779 1238 publica
797 1161 963 1241 potestas,
985 1158 1048 1221 sci·

98 1241 179 1304 licet
206 1240 316 1320 maJus
341 1237 475 1318 aliquod
505 1237 561 1299 vel
592 1236 721 1299 vitandi
751 1255 870 1302 caussa
897 1241 1044 1317 malum,

98 1322 155 1383 vel
175 1319 380 1400 adipiscendi
400 1322 460 1380 aut
480 1317 701 1380 conservandi
724 1318 859 1382 bonum.
876 1319 951 1400 Ipse
973 1335 1048 1400 pro·

97 1400 352 1464 videntissimus
372 1399 462 1462 Deus
482 1414 560 1460 cum
580 1397 720 1460 infinitae
741 1399 785 1460 sit
812 1399 994 1480 bonitatis,
1018 1399 1046 1460 i-

99 1480 243 1561 demque
263 1479 375 1543 omnia
395 1478 511 1558 possit,
535 1477 615 1540 sinit
635 1483 749 1540 tamen
771 1495 841 1542 esse
862 1480 898 1542 in
920 1479 1047 1544 mundo

98 1561 200 1640 mala,
223 1560 346 1640 partim
366 1576 409 1621 ne
430 1557 593 1639 ampliora
613 1558 836 1639 impediantur
855 1559 955 1640 bona,
971 1577 1047 1639 par-

98 1642 161 1704 tim
189 1658 231 1703 ne
261 1641 391 1721 majora
418 1639 508 1701 mala
538 1642 795 1718 cousequantur.
819 1640 859 1700 In
891 1639 1047 1718 regendis

98 1719 293 1785 civitatibus
313 1723 477 1782 rectorem
498 1718 616 1782 mundi
636 1735 697 1798 par
724 1721 775 1781 est
801 1719 943 1783 imitari:
968 1720 1047 1800 quin

99 1801 300 1864 etiamtum
322 1799 459 1877 singula
480 1800 569 1861 mala
590 1799 763 1880 prohibere
785 1799 967 1862 auctoritas
989 1799 1048 1863 ho-

100 1881 233 1944 minum
252 1897 321 1942 non
342 1880 456 1960 possit,
481 1878 578 1944 debet
599 1880 711 1942 multe
731 1885 916 1943 concedere
946 1883 1049 1955 atque

100 1962 279 2038 impertite
309 1963 531 2040 relinquere,
553 1977 631 2034 qece
650 1977 715 2038 per·
742 1962 900 2023 divinem
932 1963 1047 2024 temere

96 2043 359 2120 procidentiam
379 2041 630 2118 vindicentur,
654 2043 688 2103 et
715 2043 809 2104 reete
830 2041 853 2103 ¹.
878 2040 1050 2103 Verumtar

99 2138 177 2184 men
198 2121 234 2183 in
255 2120 420 2202 ejusmodi
445 2137 557 2183 rerum
588 2119 778 2201 adJ'unctis,
802 2120 831 2183 si
861 2121 1049 2185 communis

99 2201 180 2264 boni
196 2203 316 2264 caussa
336 2205 369 2262 et
381 2201 445 2264 hac
459 2203 593 2264 tantum
607 2203 736 2278 caussa,
754 2204 866 2280 potest
879 2202 934 2264 vel
947 2202 1048 2265 etiam

100 2281 199 2344 debet
220 2281 276 2343 lex
296 2280 468 2346 hominum
483 2280 570 2344 ferre
584 2282 764 2344 toleranter
778 2281 916 2362 malum,
933 2285 1047 2344 tamen

100 2377 163 2423 nee
184 2363 294 2440 potest
315 2377 376 2423 uec
397 2360 494 2424 debet
515 2361 550 2423 id
570 2362 710 2442 probare
731 2365 790 2423 aut
810 2362 897 2424 velle
917 2379 976 2442 per
998 2378 1045 2425 se:

101 2441 182 2522 quia
202 2442 331 2504 malum
351 2458 411 2520 per
431 2458 467 2504 se
487 2458 564 2506 cum
586 2441 629 2504 sit
652 2441 732 2504 boni
762 2442 927 2522 privatio,
951 2459 1047 2535 repu-

100 2525 188 2599 gnat
208 2520 295 2584 bono
316 2521 497 2602 communi,
513 2522 602 2664 (guod
613 2522 788 2600 legislator
802 2521 911 2597 quoad
925 2524 1048 2602 optime

100 2603 221 2681 potest,
244 2602 330 2664 velle
351 2603 497 2664 actuari
541 2602 627 2666 ebet.
654 2603 697 2663 Et
717 2602 780 2665 hae
802 2617 932 2682 quoque
956 2602 992 2663 in
1013 2618 1048 2664 re

101 2680 145 2743 ad
174 2680 375 2744 imitandum
406 2681 470 2744 sibi
500 2683 555 2745 lex
578 2681 727 2744 humana
752 2685 916 2762 proponat
941 2683 1048 2744 Deum

100 2777 236 2825 neeesse
256 2764 328 2840 est,
350 2762 464 2843 quiin
485 2778 524 2824 eo
547 2762 635 2842 quod
655 2762 746 2824 mala
767 2778 838 2824 esse
859 2761 895 2823 in
923 2760 1048 2824 mundo

100 2841 204 2920 sinit,
227 2858 339 2916 aeque
362 2843 438 2905 oeli
458 2848 553 2905 mete
581 2846 684 2921 pert,
707 2857 816 2916 neque
846 2843 923 2905 cult
953 2846 1048 2904 mole

99 2937 173 2984 eoo
194 2923 285 3000 neri,
308 2924 368 2985 sed
388 2924 463 2984 velt
481 2924 688 3000 permittere
708 2928 803 2986 male
823 2924 915 3001 steri,
939 2923 1049 2986 etheo

99 3004 152 3064 est
189 3003 312 3064 bouem
343 3003 367 3063 2.
401 3004 479 3078 Quae
509 3002 660 3066 Doctoris
695 3000 850 3082 Angeliei
885 3003 1050 3066 sententia

100 3080 297 3144 brevissime
318 3084 424 3144 totam
445 3083 594 3145 continet
614 3083 654 3144 de
680 3082 846 3146 malorum
872 3083 1050 3147 tolerantia

8 3179 10 3228 l
99 3159 299 3224 doctrinam.
328 3197 368 3208 -
389 3162 451 3225 Sed
471 3162 698 3226 confitendum
720 3166 792 3242 est,
815 3163 844 3224 ai
868 3180 945 3226 vere
963 3163 1051 3242 judi-

8 3273 11 3314 v
99 3240 171 3302 cari
203 3241 305 3321 velit,
336 3245 461 3322 quanto
488 3243 564 3321 plus
595 3243 631 3306 in
656 3243 792 3305 civitate
813 3243 893 3307 mali
915 3242 1049 3305 tolerari

51 3409 55 3419 ,
164 3355 177 3450 2
193 3357 320 3416 August.
337 3357 370 3408 de
387 3357 434 3408 lid.
450 3358 510 3410 arb.
526 3357 577 3410 lib.
593 3360 615 3421 1,
633 3373 696 3421 cap.
712 3359 735 3422 6,
752 3374 779 3411 n.
796 3360 835 3411 14.

50 3437 54 3444 ·
193 3416 221 3470 Β.
237 3418 290 3470 uh,
306 3435 334 3482 p.
350 3422 372 3483 1,
390 3436 416 3482 q.
433 3421 471 3484 19,
489 3435 513 3471 a.
529 3421 553 3482 9,
572 3419 608 3472 ad
624 3420 647 3472 3.

200 3496 293 3563 Epist.
315 3497 423 3562 Edepol.
439 3499 539 3552 Ledeia
556 3500 610 3554 PP.
627 3501 712 3552 XIII.
956 3499 988 3548 18
