2484 4178
433 244 594 304 ...47-

60 350 184 426 periculi
215 368 273 430 per
304 351 505 413 Clementem
536 349 601 411 XII
638 367 727 411 enno
758 365 985 412 uoucxxxrnr

59 429 188 492 facta1:
212 433 310 511 cujus
331 437 382 493 est
402 449 423 492 a
443 430 621 493 Benedieto
642 429 723 492 XIV
747 432 760 475 ²
790 429 986 492 confirmata

59 527 89 571 ac
107 515 266 573 renovata
296 511 505 574 constitutio.
537 509 719 588 Utriusque
750 509 904 586 vestigiis
934 511 986 572 in-

58 607 180 668 gressus
202 597 255 654 est
276 591 355 653 Pius
376 591 438 652 VII
462 592 491 654 3:
515 607 556 652 ac
577 591 642 652 Leo
657 590 720 652 XII
743 589 985 652 Constitutione

59 671 237 749 Apostoliea
258 691 276 733 ι
299 677 370 740 ouo
391 674 560 749 praviora
581 671 594 715 '¹
614 669 856 749 »superiorum
874 670 986 732 Ponti-

57 749 144 813 ficum
165 751 229 813 hac
251 751 290 814 de
312 769 348 813 re
368 757 446 813 aeta
466 757 500 813 et
521 751 653 813 decreta
674 750 887 830 complexus,
910 755 985 812 rata

57 848 88 892 ae
106 831 200 893 firma
229 832 488 911 inperpetuum
520 847 591 893 esse
619 830 731 911 jussit.
767 832 805 892 In
836 831 985 894 eamdem

58 910 247 974 sententiam
278 912 357 974 Pius
389 912 469 972 VIII
492 912 524 992 5,
551 911 735 989 Gregorius
755 911 832 972 XVI
854 914 889 991 6,
910 928 984 991 per-

57 1009 130 1072 sepe
150 1008 232 1054 vero
255 993 331 1055 Pius
353 991 400 1052 IX
421 994 445 1070 ⁷,
460 991 563 1054 locuti
586 997 676 1054 sunt.

89 1070 247 1134 Videlicet
277 1089 354 1135 cum
385 1078 484 1134 sectae
515 1071 709 1134 Massonicae
730 1069 922 1134 institutum
949 1073 984 1133 et

57 1149 219 1228 ingenium
241 1155 449 1230 compertum
470 1159 555 1214 esset
585 1168 626 1213 ex
657 1151 843 1215 manifestis
872 1169 982 1214 rerum

56 1231 186 1305 indiciis,
213 1231 407 1311 cognitione
429 1249 634 1298 caussarum.
657 1232 797 1311 prolatis
818 1231 852 1294 in
873 1233 982 1294 lucem

56 1310 174 1388 legibus
188 1313 275 1393 ejus,
288 1311 418 1392 ritibus,
428 1311 684 1390 commentariis
698 1311 779 1392 ipsis
793 1328 880 1391 saepe
890 1329 982 1374 aece-

58 1390 199 1466 dentibus
213 1393 417 1456 testimoniis
430 1409 545 1455 eorum
567 1392 624 1472 qui
638 1396 749 1453 essent
762 1392 896 1469 conscii,
912 1392 983 1454 haeo

57 1472 237 1550 Apostolica
258 1473 356 1536 Sedes
378 1473 587 1534 denuntiavit
608 1481 786 1552 aperteque
801 1473 915 1550 edixit,
932 1489 981 1534 se-

58 1557 130 1614 ctam
151 1553 368 1632 Massonum,
394 1558 510 1615 contra
539 1553 594 1631 jus
614 1551 730 1631 fasque
752 1553 979 1629 constitutam,

57 1648 110 1693 non
129 1634 244 1696 minus
266 1650 339 1696 esse
358 1633 549 1695 christianae
563 1632 624 1709 rei,
642 1651 742 1712 quam
763 1633 894 1694 civitati
908 1650 983 1711 per·

56 1712 214 1775 niciosam:
232 1713 477 1793 propositisque
498 1714 616 1794 prenis,
633 1712 754 1793 quibus
767 1714 853 1774 solet
867 1712 980 1773 Eccle-

58 1793 96 1853 sia
124 1795 269 1872 gravius
298 1796 333 1856 in
363 1803 475 1856 sontes
506 1793 787 1870 animadvertere,
811 1791 983 1853 interdixit
1047 1813 1058 1836 ο

57 1877 141 1952 atque
155 1874 348 1955 imperavit,
365 1891 406 1936 ne
421 1873 494 1955 quis
509 1873 558 1935 illi
572 1889 695 1935 nomen
709 1872 857 1934 societati
874 1871 979 1934 daret.

58 1954 173 2025 Quaeri
196 1973 232 2018 re
261 1955 337 2016 irati
363 1955 532 2032 gregales,
555 1970 670 2015 earum
702 1952 770 2014 vim
802 1951 983 2014 sententia-

59 2048 118 2096 rum
137 2033 372 2112 subterfugere
403 2041 462 2096 aut
492 2032 665 2096 debilitare
686 2050 721 2095 se
742 2049 838 2113 posse
859 2032 980 2111 partim

59 2114 297 2191 conurnnendo,
314 2115 435 2194 partim
456 2114 690 2178 calumniando
710 2113 787 2189 rati,
805 2112 981 2175 Pontifices

58 2195 216 2266 maximos,
242 2195 298 2275 qui
320 2212 360 2256 ea
380 2197 605 2270 decreverant,
633 2193 803 2256 criminati
823 2199 903 2255 suut
923 2197 983 2254 aut

58 2288 111 2334 non
126 2274 223 2352 justa
243 2275 447 2352 decrevisse,
474 2277 534 2336 aut
565 2273 700 2336 modum
722 2277 756 2336 in
777 2272 981 2336 decernendo

57 2355 210 2419 transisse.
228 2356 299 2417 Hac
310 2371 392 2417 sane
406 2354 532 2417 ratione
546 2354 828 2416 constitutionum
841 2357 981 2433 Aposto-

59 2430 182 2498 licorum
216 2435 393 2498 Clementis
420 2435 507 2513 XII,
532 2434 701 2496 Benedicti
724 2433 813 2512 XIV,
837 2433 982 2512 itemque

60 2511 98 2575 Pii
117 2516 176 2578 VII
212 2520 248 2577 et
278 2515 329 2576 Pii
353 2517 400 2577 IX
431 2515 542 2577 conati
574 2521 653 2576 sunt
684 2515 917 2578 auctoritatem
949 2522 982 2573 et

59 2595 172 2668 pondus
193 2594 339 2658 eludere.
363 2597 485 2656 Verum
508 2594 543 2656 in
563 2594 636 2673 ipsa
656 2594 715 2656 illa
735 2595 894 2655 societate
915 2609 983 2654 non

60 2671 189 2752 deluere,
207 2675 264 2756 qui
285 2674 340 2736 vel
360 2675 458 2736 iuviti
478 2673 675 2752 faterentur,
692 2673 779 2752 quod
800 2679 873 2734 erat
893 2691 913 2733 a
934 2689 985 2732 ro·

60 2756 151 2820 nanis
173 2755 392 2818 Pontificibus
413 2755 551 2833 factum,
577 2753 611 2815 id
642 2771 728 2829 esse,
753 2757 902 2832 spectata
929 2751 986 2813 do-

59 2837 152 2898 ctrine
172 2836 413 2915 disciplinaque
433 2834 609 2911 catholica,
623 2835 698 2908 jure
711 2835 847 2895 iactum.
864 2832 904 2893 In
919 2849 986 2912 quo

59 2909 259 2978 Pontificibus
291 2916 389 2978 valde
420 2915 575 2978 assentiri
596 2915 710 2995 plures
733 2913 799 2975 viri
819 2914 983 2992 principes

81 3049 87 3082 ¹
101 3050 193 3105 Oonst.
211 3055 245 3106 lu
261 3055 396 3116 eminenti,
414 3055 460 3106 die
476 3056 508 3105 24
524 3055 637 3118 Aprilis
654 3056 724 3108 1738.

81 3113 197 3168 'Gonst
214 3117 359 3180 Providus,
377 3116 423 3168 die
442 3119 472 3168 18
488 3118 560 3181 maji
577 3120 648 3169 1751.

80 3175 90 3208 ³
102 3175 194 3230 donst.
211 3181 364 3232 Ecclesiam
375 3199 393 3231 a
404 3179 473 3232 Jeeu
487 3179 606 3244 Christo,
618 3181 665 3231 die
679 3181 712 3231 13
723 3177 902 3244 Septembris
913 3179 984 3229 1821.

82 3237 91 3270 ⁴
105 3239 198 3293 (tonet.
211 3243 283 3293 data
294 3243 341 3292 die
353 3243 385 3292 13
395 3243 498 3293 Martii
515 3245 585 3293 1825.

82 3299 206 3369 ⁵Ilncyc.
226 3305 345 3368 Traditi,
363 3305 409 3356 die
427 3305 633 3369 21Maj11829.

84 3361 207 3431 ⁰Fancye.
224 3367 338 3428 Mirari,
356 3369 402 3418 die
418 3371 450 3418 15
466 3369 597 3432 Augusti
613 3368 683 3419 1832.

74 3423 92 3496 ,⁷
105 3425 204 3494 Eneyo.
222 3430 277 3492 Qut
289 3431 438 3503 pluribus,
456 3431 502 3481 die
519 3433 535 3481 9
551 3430 576 3482 N
579 3431 690 3482 ovemb.
709 3429 779 3483 1846.
795 3429 889 3482 Alloc.
908 3427 981 3480 Muz-

63 3485 153 3548 bpiieea
168 3494 249 3556 ieter,
267 3492 314 3547 dre
330 3494 362 3543 25
378 3492 521 3557 Septemb.
539 3495 609 3558 1865,
626 3498 683 3546 eto.
