2554 4182
463 239 643 300 -365-

71 345 225 410 habuerit
247 346 493 426 utilitatemque
516 342 726 423 impetrandi.
750 342 832 407 Inde
851 343 1013 426 effectum

71 428 221 508 patebit,
245 427 333 508 quod
354 442 425 488 sese
445 424 565 502 multi,
589 425 623 485 in
644 428 739 486 tanta
762 424 933 504 depravati
955 443 1017 488 saea

73 508 141 570 culi
163 507 364 588 corruptela,
380 506 533 581 integros
554 506 769 584 praestiterint
790 509 891 585 atque
911 504 1017 569 invio·

73 588 161 651 latos
183 593 226 652 ab
248 592 343 652 omui
366 587 632 660 inquinamento
653 590 776 648 cornia
800 588 833 648 et
853 589 1016 665 sparuna,

69 671 295 746 perficientes
326 667 642 739 sanctificationem
673 671 712 728 tu
746 668 868 729 timore
899 667 1014 746 Det13

74 748 163 829 quod
185 749 254 828 alii,
277 748 313 810 in
334 765 373 812 eo
394 746 474 809 dum
496 749 606 809 essent
635 749 674 807 ut
703 745 835 823 flagitio
862 746 1016 823 indulge·

74 833 160 905 rent,
177 829 268 892 illico
289 828 353 891 sibi
374 827 647 907 temperaverint,
664 843 704 888 ex
718 831 853 907 ipsoque
871 827 1017 905 periculo

73 912 108 972 et
128 909 311 972 tentamine
331 909 436 972 bonos
458 907 606 986 ceperint
626 910 746 969 auctus
761 907 908 985 virtutis,
925 906 1013 988 quod

73 989 240 1070 prolapsis
260 989 334 1051 aliis
355 987 512 1068 impulsio
543 991 696 1067 qnaeoam
725 987 925 1066 permoverit
946 987 1016 1049 ani-

74 1087 159 1149 moa,
184 1074 222 1133 ut
242 1071 409 1147 erigerent
437 1085 472 1130 se
493 1070 527 1129 et
546 1069 580 1130 in
607 1066 815 1146 complexum
841 1067 899 1129 Dei
920 1067 1018 1129 mise·

73 1152 180 1213 rantis
201 1151 423 1213 occurrerent.
448 1149 486 1193 ὲ-
508 1148 586 1210 Haec
606 1148 712 1226 igitur
733 1165 848 1210 ornnes
869 1148 959 1227 apud
979 1165 1015 1210 se

73 1231 334 1311 perpendentes,
358 1227 498 1291 fallaciis
519 1226 649 1308 antiqui
670 1228 774 1291 hostis
796 1230 896 1290 etiam
918 1231 1017 1308 atque

74 1309 178 1374 etiam
209 1311 418 1375 obsecramus
449 1325 491 1370 ne
523 1307 653 1380 cedant,
677 1325 761 1370 neve
783 1309 853 1370 ulla
882 1311 1017 1373 omnino

74 1409 193 1454 caussa
214 1411 234 1453 a
254 1391 365 1453 studio
387 1392 516 1452 cessent
537 1387 666 1468 orandi,
690 1405 806 1450 verum
827 1388 862 1449 in
885 1405 922 1451 eo
944 1407 1016 1469 per-

74 1475 268 1535 severanter
299 1470 505 1546 consistant,
529 1474 606 1532 stne
627 1471 888 1532 intermissione
910 1469 1018 1532 consi-

45 1605 49 1612 .
74 1554 178 1614 stant.
203 1553 313 1614 Prima
343 1552 388 1613 sit
418 1548 484 1611 illis
515 1566 596 1610 cura
627 1549 668 1611 de
696 1549 946 1626 summobono,
970 1567 1014 1612 ae-

73 1635 169 1696 terna
190 1633 340 1696 omnium
360 1631 480 1704 salute,
492 1629 597 1710 (leque
618 1628 849 1692 incolumitate
863 1629 1017 1692 Ecclesiae

73 1713 297 1794 exposcenda,
320 1717 393 1774 tum
415 1710 494 1772 licet
515 1714 626 1772 cetera
646 1709 733 1772 bona
755 1709 796 1771 ad
817 1727 916 1772 nsum
930 1727 1018 1772 com·

75 1793 335 1873 moditatemque
357 1791 434 1853 vita
455 1792 571 1871 petant
592 1807 611 1851 a
638 1791 719 1868 Dec,
740 1789 840 1852 modo
863 1791 1018 1853 volunta-

76 1873 120 1936 tis
152 1873 224 1954 ejus
255 1871 454 1953 aequissimae
486 1869 710 1951 acquiescant,
741 1869 847 1933 eidem
878 1870 1016 1950 pariter,

76 1957 191 2034 optata
212 1953 267 2016 vel
288 1951 486 2014 concesserit
512 1952 564 2013 vel
586 1950 753 2029 abnuerit,
776 1954 916 2028 agentes
938 1967 1017 2028 gra-

76 2035 152 2115 tias,
178 2033 473 2097 benefioentissimo
495 2030 605 2111 patri:
629 2049 666 2092 ea
689 2029 829 2111 denique
853 2030 1018 2110 religione

76 2118 111 2179 et
131 2117 255 2195 pietate
276 2131 352 2177 cum
367 2114 435 2175 Deo
457 2115 644 2188 versentur,
668 2128 734 2192 qua
759 2110 851 2173 decet
872 2110 1019 2174 maxima

76 2201 111 2258 et
126 2198 267 2275 oportet,
281 2212 348 2275 qua
361 2193 424 2254 viri
436 2193 543 2254 sancti
557 2196 801 2253 consueverunt
816 2192 931 2272 etipse
947 2191 1019 2269 egit
1115 2266 1118 2272 ,

77 2275 307 2339 sanctissimus
328 2273 525 2352 Redemptor
549 2276 582 2334 et
602 2272 765 2350 Magister
784 2274 916 2350 noster,
940 2289 1018 2335 cum

78 2361 229 2418 clamore
250 2355 363 2418 aalide
386 2356 417 2418 ct
442 2357 599 2415 lacrimis
619 2354 642 2413 2.

118 2437 179 2498 Hic
200 2435 346 2498 officium
375 2438 408 2497 et
429 2437 568 2513 paterna
588 2433 710 2494 caritas
731 2432 900 2510 postulat,
924 2431 1018 2493 utin

77 2515 253 2579 universos
274 2515 431 2578 Ecclesia
454 2513 540 2575 filios
571 2529 638 2575 non
660 2529 794 2592 precum
826 2510 935 2590 modo,
960 2511 1018 2574 sed

78 2597 179 2674 etiam
194 2596 399 2675 poenitentiae
420 2598 545 2656 sanctae
565 2611 585 2654 a
598 2592 760 2670 largitore
773 2591 936 2654 bonorum
951 2593 1019 2654 Deo

77 2677 232 2757 spiritum
253 2676 482 2756 imploremus:
506 2673 594 2753 quod
615 2673 695 2756 dnm
717 2676 787 2735 toto
808 2671 919 2736 animo
940 2671 1019 2734 faci·
1103 2734 1107 2740 ,

79 2775 166 2832 mus,
183 2773 297 2819 omnes
320 2759 353 2818 et
373 2755 523 2831 singulos
548 2752 590 2814 ad
611 2752 697 2814 hanc
718 2753 825 2833 ipsam
846 2753 1017 2832 virtutem,

76 2855 155 2900 cum
176 2837 282 2898 altera
303 2833 623 2915 conjunctissimum,
639 2833 710 2913 pari
732 2832 844 2896 studio
866 2831 1020 2896 adhorta-

77 2935 166 2981 mur.
184 2916 314 2978 Scilicet
335 2915 416 2978 iacit
430 2914 575 2994 precatio
596 2917 636 2975 ut
654 2913 785 2976 animus
800 2916 1018 2994 sustentetur,
1055 2921 1057 2925 ’

77 2998 266 3061 instruatur
287 2996 329 3059 ad
350 2995 472 3075 fortia,
495 2993 537 3056 ad
558 2993 673 3060 divina
693 2993 915 3057 conscendat:
938 2993 1019 3056 facit

77 3077 276 3158 poenitentia
306 3080 344 3138 ut
375 3074 623 3154 nobismetipsis
653 3074 864 3155 imperemus,
892 3075 1020 3153 corpori

80 3158 239 3236 maxime,
263 3157 474 3236 gravissima,
496 3172 537 3218 ex
557 3157 662 3218 veteri
688 3172 786 3233 noxa,
809 3155 948 3218 rationis
972 3154 1018 3215 le-

79 3240 201 3319 gisque
223 3238 428 3316 evangelica
448 3236 595 3300 inimico.
617 3236 695 3310 Quae
719 3236 873 3313 virtutes,
896 3235 1020 3316 perspi-

78 3335 183 3381 cuum
205 3322 267 3398 est,
290 3316 460 3398 aptissime
491 3317 579 3379 inter
608 3333 642 3378 se
673 3315 851 3394 cohaerent,
874 3316 960 3378 inter
984 3332 1020 3377 se

110 3495 166 3546 *Π
182 3494 313 3550 Corinth.
329 3510 379 3558 vu,
397 3497 419 3549 1.
580 3493 591 3526 ²
608 3493 697 3544 Hebr.
715 3509 740 3556 v,
757 3494 780 3545 7.
871 3523 880 3542 ι
