2496 4172
439 215 600 274 ..91-

57 319 143 382 Haud
163 319 261 402 ahter
281 321 393 381 actum
424 318 460 380 in
481 319 600 461 Erimis
628 320 786 382 Ecclesiae
816 320 983 384 aetatibus.

56 401 151 462 Mores
170 400 262 462 enim
278 403 311 461 et
325 397 436 462 studia
449 403 483 461 et
507 400 659 462 uicorum
674 417 775 481 quam
788 400 986 480 longissime

56 479 214 542 astudiis
248 479 474 542 abhorrebant
509 479 722 561 moribusque
756 481 984 559 evangelicis:

55 558 243 622 christianos
263 562 375 622 tamen
397 576 532 622 cernere
546 560 620 621 erat
639 561 675 622 in
696 559 806 623 media
826 562 987 640 supersti-

55 640 135 703 tione
154 639 290 702 incorru
316 645 368 702 tos
388 656 583 721 semperque
604 642 656 703 sui
678 640 804 703 similes
825 646 985 722 animose,

55 737 254 800 quacumque
286 656 423 782 daretur
450 719 580 797 editus,
603 720 727 783 inferre
747 738 828 783 sese.
856 721 987 784 Fideles

53 802 85 860 in
115 801 304 880 exemplum
335 799 553 881 principibus,
583 800 849 884 obedientesque,
879 802 987 882 quoad

53 880 98 942 fas
126 883 234 960 esset,
260 880 398 959 imperio
429 880 567 959 legum,
594 880 780 944 fundebant
808 881 985 944 mirificum

53 959 251 1039 splendorem
272 960 461 1023 sanctitatis
483 978 731 1042 usquequaque,
748 960 904 1042 prodesse
918 966 987 1024 stu-

53 1039 166 1103 debant
198 1041 373 1120 iratribus,
399 1057 519 1102 vocare
546 1045 675 1104 ceteros
711 1041 754 1104 ad
788 1042 986 1122 sapientiam

54 1119 176 1201 Christi,
198 1120 315 1184 cedere
347 1123 461 1183 tamen
491 1120 564 1184 loco
595 1126 695 1204 atque
726 1124 829 1186 emori
856 1121 986 1186 fortiter

54 1202 162 1279 parati,
180 1201 209 1264 si
231 1202 385 1277 honores
401 1201 429 1262 si
450 1202 682 1279 magistratus,
699 1201 728 1264 si
749 1202 890 1282 imperia
908 1203 987 1266 reti·

54 1297 133 1360 nere,
155 1280 320 1344 incolumi
341 1281 477 1360 virtute,
503 1282 742 1363 nequivissent.
768 1283 838 1359 Qua
860 1285 987 1346 ratione

53 1361 194 1424 celeriter
214 1361 370 1424 instituta
390 1360 573 1424 christiana
594 1378 661 1425 non
676 1361 774 1426 modo
788 1363 822 1425 in
837 1362 987 1442 privatas

54 1439 171 1520 domos,
187 1440 245 1504 sed
267 1443 300 1503 in
322 1444 443 1520 castra,
459 1442 493 1503 in
516 1441 657 1522 curiam,
673 1442 708 1504 in
729 1443 836 1523 ipsam
856 1445 987 1522 regiam

53 1521 209 1585 invexere.
237 1542 256 1584 s
287 1522 442 1584 Hesterni
483 1539 624 1602 sumus,
657 1526 691 1584 et
726 1527 838 1586 vestra
874 1523 987 1587 omnia

55 1601 308 1682 «implevimus,
331 1602 442 1678 urbes,
465 1602 604 1679 insulas,
626 1603 774 1676 castella,
790 1603 985 1682 municipia,

55 1682 318 1762 «conciliabula,
342 1685 454 1744 castra
474 1682 556 1761 ipsa,
578 1683 697 1759 tribus,
714 1682 876 1757 decurias,
893 1684 985 1763 pala·

55 1779 69 1820 r
86 1763 182 1841 tium,
198 1767 366 1841 senatum,
381 1761 492 1824 forum
508 1763 534 1824 ¹:
556 1781 574 1822 r>
597 1763 644 1824 ita
657 1765 697 1825 ut
709 1761 791 1824 fides
805 1761 987 1824 christiana

54 1858 120 1905 cum
140 1840 358 1921 evangelium
378 1842 511 1922 publice
526 1843 676 1921 profiteri
695 1843 772 1920 lege
794 1841 903 1923 licuit,
919 1861 986 1906 non
1075 1890 1076 1894 ,

54 1921 82 1983 in
99 1923 194 1986 cunis
216 1922 370 2001 vagiens,
387 1922 446 1985 sed
467 1921 582 1985 adulta
596 1927 630 1986 et
646 1923 718 2001 jam
740 1922 820 1986 satis
840 1924 938 1986 firma
951 1923 986 1986 in

15 2053 16 2056 ,
54 2018 170 2080 magna
184 2002 363 2064 civitatum
376 2005 471 2083 parte
485 2003 689 2082 apparuerit.

85 2083 241 2145 Jamvero
262 2082 315 2144 his
335 2083 542 2162 temporibus
563 2087 823 2146 consentaneum
838 2087 899 2160 est,
914 2085 987 2148 haec

53 2161 209 2242 maj0rum
230 2164 383 2242 exempla
404 2163 568 2226 renovari.
587 2199 625 2208 -
638 2164 826 2227 Catholioos
840 2165 984 2245 quidem,

54 2247 209 2324 quotquot
229 2241 325 2321 digni
346 2247 427 2305 sunt
447 2260 485 2306 eo
505 2245 651 2322 nomine,
669 2244 815 2322 primum
836 2246 987 2307 omnium

54 2337 177 2386 necesse
199 2328 251 2385 est
270 2323 517 2387 amantissimos
542 2323 697 2386 Ecclesiae
727 2324 817 2387 filios
849 2329 882 2387 et
914 2341 986 2387 esse

55 2405 82 2462 et
98 2402 203 2466 videri
225 2403 322 2466 velle:
346 2420 420 2483 quae
441 2421 495 2466 res
516 2407 685 2483 nequeant
704 2422 781 2466 cum
803 2404 866 2467 hac
887 2405 987 2468 laude

55 2484 247 2561 consistere,
273 2500 329 2546 eas
360 2483 432 2546 sine
464 2484 676 2550 cunctatione
698 2501 866 2565 respuere:
889 2485 987 2547 insti·

57 2562 126 2626 tutis
145 2565 360 2644 populorum,
377 2569 539 2644 quantum
561 2563 700 2626 honeste
720 2563 793 2626 fieri
806 2568 926 2643 potest,
944 2562 987 2626 ad

56 2643 193 2706 tentatis
220 2643 428 2724 jnstitiaeque
458 2644 682 2724 patrocinium
706 2646 777 2706 uti:
801 2643 985 2721 elaborare,

56 2723 87 2781 ut
104 2724 326 2786 constitutum
346 2726 476 2787 naturae
497 2723 620 2805 Deique
640 2725 715 2802 lege
736 2724 872 2788 modum
886 2723 986 2787 liber·

57 2801 99 2863 tas
118 2802 241 2882 agendi
262 2821 304 2866 ne
324 2803 510 2867 transiliat:
534 2803 613 2866 dare
635 2821 770 2885 operam
793 2808 830 2867 ut
843 2804 885 2867 ad
900 2821 985 2884 eam,

56 2897 144 2958 quam
165 2884 325 2962 diximus,
351 2884 569 2946 christianam
590 2883 844 2947 similitudinem
865 2887 899 2946 et
920 2883 987 2947 ior-

57 2975 134 3026 mam
153 2964 264 3027 omnis
285 2965 471 3044 respublica
492 2964 698 3028 traducatur.
725 3000 765 3010 -
786 2966 915 3028 Harum
935 2982 988 3029 re·

59 3055 121 3103 rum
142 3043 431 3125 adipiscendarum
452 3044 538 3107 ratio
559 3045 720 3108 constitui
742 3062 809 3107 uno
831 3051 988 3126 certoque

58 3121 142 3186 modo
162 3123 255 3187 haud
276 3125 448 3189 commode
470 3129 591 3204 potest,
604 3143 682 3188 cum
697 3125 816 3189 debeat
840 3125 986 3203 singulis

58 3197 127 3290 locis
146 3205 428 3285 temporibusque,
452 3221 526 3283 quae
557 3209 638 3267 sunt
668 3207 812 3268 multum
839 3207 928 3268 inter
952 3222 986 3268 se

59 3277 202 3364 disparia,
227 3287 416 3348 convenire.
443 3285 668 3348 Nihilominus
699 3284 927 3350 conservanda
950 3285 987 3346 iu

85 3454 92 3488 ¹
106 3455 225 3514 Tertull.
237 3461 325 3542 Apol.⁴
334 3476 362 3513 n.
374 3459 415 3510 37.
