2554 4182
474 231 654 294 -343-

90 339 182 403 vires
211 339 307 403 debet
338 339 478 402 cessatio
510 339 692 401 restituere.
718 339 756 399 ln
785 339 875 402 omni
904 339 1032 420 obliga-

90 421 194 499 tione,
211 438 284 501 quae
305 419 446 483 dominis
467 421 567 500 atque
588 417 769 482 artificibus
791 419 935 482 invicem
956 439 1032 483 con-

90 500 266 579 trahatur,
290 501 361 564 haec
392 516 520 579 semper
552 501 610 561 aut
643 497 810 580 adscripta
841 503 900 563 aut
930 501 1033 563 tacita

90 579 237 644 conditio
258 579 367 660 inest,
390 579 522 659 utrique
543 579 660 658 generi
681 579 871 658 quiescendi
894 583 931 643 ut
952 599 1030 643 cau·-

90 665 165 722 tum
186 662 248 742 sit;
271 678 376 742 neque
406 660 494 723 enim
525 660 702 722 honestum
733 663 820 723 essct
850 660 1031 724 convenire

90 757 199 818 secus,
228 741 308 823 quia
338 758 399 804 nec
430 741 596 821 postulare
627 740 783 819 cuiquam
813 737 864 803 ias
896 746 1032 804 estnec

91 820 253 914 spondere
273 821 465 900 neglectum
487 819 692 899 officiorum,
714 837 788 901 quae
809 823 861 883 vel
885 823 952 885 Deo
974 822 1029 885 vel

8 945 9 960 2
90 901 288 982 sibimetipsi
309 902 478 966 hominem
499 900 725 978 obstringunt.

8 981 9 986 ’
132 983 211 1045 Rem
233 982 387 1045 hocloco
409 981 607 1060 attingimus
629 984 681 1043 sat
706 982 823 1061 magni
845 981 1028 1045 momenti:
1059 1049 1061 1052 ,

8 1079 9 1084 ’
90 1079 166 1143 quae
187 1066 274 1125 recte
294 1062 504 1142 intelligatur
525 1078 656 1124 necesse
677 1069 747 1140 est,
770 1063 805 1124 in
834 1063 1030 1125 alterutram

90 1149 222 1222 partem
242 1161 284 1205 ne
305 1148 469 1222 peccetur.
494 1142 655 1205 Videlicet
680 1143 792 1205 salarii
814 1142 971 1205 definitur
992 1143 1031 1204 li-

90 1223 170 1287 bero
191 1241 354 1287 consensu
376 1221 513 1286 modus:
536 1223 648 1316 itaque
680 1222 833 1286 dominus
856 1222 915 1302 rei,
933 1225 1031 1305 pacta

8 1367 9 1372 ,
50 1343 52 1348 ,
89 1303 241 1370 mercede
261 1305 441 1383 persoluta,
464 1302 658 1366 liberavisse
673 1302 784 1384 fidem,
800 1321 860 1366 nec
875 1304 964 1367 ultra
978 1303 1032 1368 de·

89 1383 167 1450 bere
182 1382 363 1466 quidquam
379 1383 542 1446 videatur.
558 1383 649 1446 Tunc
670 1384 779 1446 solum
799 1383 873 1447 fieri
893 1384 1028 1464 injuste,

8 1503 10 1528 2
88 1465 119 1527 si
140 1465 193 1526 vel
213 1464 357 1544 pretium
379 1462 531 1526 dominus
552 1462 706 1540 solidum,
724 1465 777 1526 vel
799 1464 967 1542 obligatas
981 1482 1032 1527 ar-

8 1581 11 1624 :
87 1543 173 1607 tifex
193 1562 308 1625 operas
328 1544 464 1607 reddere
489 1547 578 1607 totas
598 1550 785 1607 recusaret:
818 1544 871 1606 his
904 1545 1032 1608 caussis

8 1631 9 1672 ³
87 1631 219 1688 rectum
239 1643 317 1688 esse·
333 1628 531 1706 potestatem
553 1625 722 1704 politicam
744 1623 970 1700 intercedere,
995 1628 1032 1687 nt

8 1719 11 1758 l
88 1723 190 1768 suum
211 1707 330 1800 cuique
347 1705 403 1785 jus
423 1706 590 1768 incolume
612 1705 667 1779 sit,
690 1704 748 1767 sed
772 1707 933 1784 praterea
954 1704 1029 1766 nul-

9 1799 10 1850 }
90 1787 144 1850 lis.
168 1821 208 1829 —
232 1788 292 1849 Gur
323 1785 609 1864 argumentationi
640 1803 755 1867 aequus
786 1802 899 1848 rerum
927 1784 1032 1864 judex

88 1865 292 1944 consociis,
315 1884 423 1948 neque
444 1865 479 1928 in
500 1869 609 1928 totum
630 1866 839 1945 assentiatur,
865 1865 942 1946 quia
964 1881 1031 1927 non

89 1950 141 2010 est
163 1947 316 2009 absoluta
337 1947 490 2009 omnibus
512 1946 678 2026 partibus:
702 1949 908 2009 momentum
930 1944 1033 2026 quod-

8 2031 10 2090 }
89 2027 169 2090 dam
189 2027 331 2090 rationis
351 2027 445 2090 abest
476 2026 612 2089 maximi
642 2026 806 2106 ponderis
830 2027 901 2088 Hoc
923 2028 972 2088 est
994 2043 1028 2089 e-

9 2141 12 2168 ¹.
88 2107 160 2169 nim
182 2107 333 2187 operari,
358 2124 506 2170 exercere
538 2124 572 2170 se
602 2124 710 2169 rerum
731 2105 1030 2186 comparandarum

8 2187 10 2194 ’
88 2188 223 2264 caussa,
238 2206 312 2269 quae
333 2187 401 2250 sint
421 2186 464 2250 ad
481 2187 592 2250 varios
604 2186 684 2250 vitae
698 2204 789 2264 usus,
806 2187 1032 2266 potissimum-

89 2285 154 2348 que
176 2265 218 2330 ad
239 2268 416 2330 tuitionem
438 2268 488 2330 sui
509 2267 715 2330 necessariae.
741 2271 785 2330 Io
808 2271 935 2331 sudore
957 2273 1031 2330 out-

91 2351 149 2410 tus
174 2349 225 2409 tui
245 2353 396 2412 vesceris
419 2347 508 2424 panc
531 2351 551 2410 ¹.
576 2349 693 2428 ltaque
713 2348 797 2410 duas
818 2349 911 2409 velut
933 2351 1030 2410 notas

87 2429 192 2491 habet
212 2428 248 2491 in
262 2429 395 2492 homine
417 2426 511 2491 labor
532 2429 654 2490 natura
675 2427 803 2506 insitas,
820 2427 978 2489 nimirum
994 2432 1031 2489 ut

85 2515 287 2586 personatis
309 2511 371 2587 sit,
394 2507 543 2590 quisvis
565 2526 670 2588 agens
693 2507 840 2570 adhaeret
867 2523 1027 2588 personae,

88 2594 191 2670 atque
211 2588 283 2670 ejus
304 2589 437 2652 omnino
459 2593 509 2651 est
529 2588 672 2669 propria,
696 2607 716 2650 a
748 2605 811 2668 quo
843 2592 1029 2666 exercetur,

89 2672 124 2732 et
144 2668 243 2750 qu'us
264 2673 315 2732 est
336 2668 475 2731 utilitati
496 2672 587 2731 nata:
610 2667 727 2730 deinde
747 2670 787 2730 ut
807 2667 852 2730 sit
873 2683 1029 2730 necessa·

88 2755 180 2823 ricto,
198 2749 240 2813 ob
260 2750 347 2812 hanc
368 2766 531 2823 caussam,
549 2746 638 2830 quod
660 2747 789 2811 fructus
810 2748 962 2810 laborum
981 2751 1032 2809 est
1091 2751 1092 2756 ’

88 2829 219 2893 homini
250 2847 334 2909 opus
365 2829 406 2891 ad
438 2829 541 2891 vitam
573 2829 753 2891 tuendam:
788 2829 891 2891 vitam
918 2831 1032 2890 antem

87 2910 177 2973 tueri
199 2910 272 2988 ipsa
293 2927 417 2986 rerum,
439 2911 493 2972 cui
513 2909 659 2972 maxime
680 2907 885 2990 parendum,
910 2912 1033 2970 natura

84 2990 193 3070 jubet.
209 2991 367 3053 Jamvero
387 2989 477 3063 siex
498 3007 536 3053 ea
557 2989 734 3052 dumtaxat
755 2993 848 3068 parte
862 2991 1032 3081 spectetur
1059 3052 1061 3054 ,

88 3071 177 3151 quod
198 3070 380 3152 personalis
401 3075 463 3151 est,
487 3086 553 3133 non
584 3074 633 3132 est
664 3069 802 3136 dubium
833 3085 914 3150 qum
946 3067 1032 3130 inte·

87 3167 192 3228 grum
213 3150 323 3231 opifici
345 3151 388 3213 sit
409 3158 514 3230 pactae
535 3149 695 3212 mercedis
727 3149 906 3228 angustius
937 3147 1033 3210 finire

87 3230 242 3295 modum:
266 3230 543 3326 quemadmodum
565 3230 654 3292 enim
676 3247 792 3309 operas
815 3228 873 3290 dat
894 3227 951 3290 ille
973 3244 1034 3288 vo·

88 3313 231 3387 luntate,
255 3328 302 3373 sic
332 3314 366 3372 et
396 3327 571 3392 operarum
602 3309 750 3372 mercede
783 3309 837 3372 vel
857 3307 952 3370 tenui
977 3307 1035 3371 vel

122 3488 131 3522 ¹
149 3488 220 3542 Gen.
236 3503 279 3553 ιιι,
295 3489 334 3542 19.

36 4080 38 4088 r
105 4080 120 4092 ι,
145 4073 179 4094 ι,““

8 4005 275 4168 mh*
