2554 4182
590 207 772 270 —328-

217 334 279 460 gne
301 316 510 379 nobilitatam
533 315 579 378 ab
597 331 647 392 ea,
669 313 840 376 character
866 313 1066 377 christianus
1096 315 1161 394 qui

239 398 350 460 icitur.
367 398 576 472 Quaestuosas
597 398 698 472 artes,
714 395 743 457 si
764 399 893 458 naturae
913 394 1010 472 ratio,
1026 395 1053 457 si
1067 394 1159 457 chri-

215 478 324 540 stiana
346 476 554 558 philosophia
586 475 757 553 audiatur,
788 492 855 538 non
881 474 1002 555 pudori
1027 475 1158 538 homini

216 575 297 633 esse,
322 556 379 621 sed
400 557 530 632 decori,
555 557 632 638 quia
652 555 731 617 vitae
752 554 980 619 sustentanda
1006 555 1160 638 praebent

215 637 391 702 honestam
411 639 618 718 potestatem.
637 636 723 698 lllud
739 654 815 699 vere
835 640 933 717 turpe
944 640 978 699 et
998 636 1158 699 inhuma-

216 737 308 796 num,
326 719 420 782 abuti
440 718 630 783 hominibus
650 732 710 798 pro
732 717 831 780 rebus
845 717 887 779 ad
902 721 1076 798 questum,
1093 733 1159 780 nec

217 798 326 862 iacere
347 816 404 862 eos
424 799 539 879 pluris,
565 815 666 878 quam
688 802 851 877 quantum
871 797 983 860 nervis
1007 797 1159 878 polleant

217 879 418 960 viribusque.
432 879 588 942 Similiter
602 877 806 960 praeeipitur,
823 878 993 957 religionis
1004 881 1038 940 et
1051 877 1158 940 bono·

219 978 291 1023 rum
307 960 409 1022 animi
429 959 544 1023 haberi
558 959 721 1022 rationem
742 958 776 1020 in
791 958 978 1039 proletariis
992 961 1154 1038 oportere.

218 1041 325 1116 Quare
346 1040 554 1104 dominorum
576 1042 688 1121 partes
710 1056 801 1116 esse,
826 1039 1013 1101 efficerent
1034 1038 1157 1101 idoneo

217 1122 376 1202 temporis
397 1121 505 1201 spatio
525 1120 641 1201 pietati
657 1122 752 1182 vacet
766 1119 888 1199 opifex:
904 1136 972 1182 non
986 1119 1158 1182 hominem

218 1200 297 1263 dare
318 1201 452 1264 obvium
468 1201 641 1264 lenociniis
654 1201 918 1281 corruptelarum
931 1199 1159 1280 illecebrisque

217 1280 391 1360 peccandi:
415 1297 522 1361 neque
542 1282 611 1345 ullo
632 1284 730 1361 pacto
751 1296 771 1343 a
791 1298 872 1343 cura
886 1281 1067 1343 domestica
1082 1296 1158 1359 par·

219 1361 432 1442 simoniaeque
462 1361 573 1424 studio
604 1360 777 1424 abducere.
803 1361 887 1423 Item
908 1378 976 1423 non
997 1361 1072 1441 plus
1095 1359 1159 1422 im-

219 1457 341 1521 ponere
372 1440 491 1521 operis,
514 1459 614 1522 quam
644 1441 731 1504 vires
762 1440 847 1504 ferre
879 1445 1013 1522 queant
1038 1457 1099 1502 nec
1121 1439 1158 1502 id

219 1538 340 1602 genus,
357 1521 444 1602 quod
464 1540 542 1585 oum
563 1525 662 1585 aetate
684 1539 829 1602 sexuque
850 1521 1015 1584 dissideat.
1033 1521 1073 1583 In
1087 1537 1160 1583 rna-

219 1601 318 1666 ximis
339 1606 450 1665 antem
471 1602 588 1666 officiis
609 1603 818 1665 dominorum
838 1601 923 1664 illud
944 1602 1076 1680 eminet,
1099 1601 1159 1682 ju·

219 1686 271 1746 sta
293 1683 471 1764 unicuique
491 1683 648 1763 praebere.
673 1682 823 1745 Profecto
850 1687 888 1744 ut
909 1681 1068 1745 mercedis
1089 1686 1160 1743 sta-

219 1767 336 1826 tuatur
356 1780 398 1825 ex
419 1763 576 1845 aeqnitate
596 1762 725 1841 modus,
749 1780 874 1826 caussae
904 1769 982 1826 sunt
1005 1761 1159 1825 conside-

221 1843 333 1906 randae
351 1840 548 1924 plurest'sed
570 1843 754 1922 generatim
776 1843 957 1925 locupletes
972 1846 1072 1924 atque
1086 1841 1160 1904 heri

221 1923 443 2003 meminerint,
459 1941 608 2005 premere
629 1925 843 1988 emolumenti
864 1924 915 1987 sni
936 1940 1055 1987 caussa
1072 1922 1161 1985 indi·

221 2008 340 2082 gentes
371 2023 410 2068 ac
436 2005 585 2077 miseros,
608 2005 783 2085 alienaque
813 2023 854 2067 ex
883 2004 995 2098 inopia
1024 2007 1161 2084 captare

220 2089 397 2225 guastum,
420 2102 487 2148 non
512 2084 635 2164 divina,
660 2102 726 2149 non
756 2084 904 2147 humana
931 2101 1010 2164 Jura
1035 2083 1157 2147 sinere.

247 2163 387 2226 raudare
408 2181 486 2229 vero
509 2182 709 2246 quemquam
729 2165 879 2228 mercede
901 2165 1012 2228 debita
1028 2163 1160 2244 grande

221 2243 469 2324 piaculumst,
494 2247 581 2326 quod
612 2247 679 2310 iras
710 2263 728 2308 e
755 2246 835 2309 eaelo
860 2246 994 2309 ultrices
1013 2246 1159 2308 clamore

223 2324 373 2388 devocat.
398 2331 487 2390 ane
508 2342 640 2390 merces
661 2331 942 2404 operariorum...
966 2343 1043 2402 aare
1059 2329 1162 2400 frau-

221 2407 556 2486 accersiebatur,
579 2409 728 2471 clamat:
751 2410 785 2472 et
806 2411 938 2470 clamor
967 2423 1087 2470 eorara
1118 2411 1159 2468 ta

222 2501 327 2550 aures
348 2491 488 2551 nomiae
511 2490 659 2552 Sabaoth
684 2489 891 2552 tatrorvar.
915 2489 1084 2550 Postremo
1105 2503 1159 2548 re-

220 2567 341 2646 ligiose
371 2568 555 2632 cavendnm
585 2567 806 2648 locupletibus
835 2586 877 2631 ne
903 2568 1161 2649 proletariorum

221 2648 425 2728 compendiis
456 2649 634 2730 quicquam
666 2652 808 2711 noceant
838 2666 899 2712 nec
920 2648 965 2727 vi,
988 2664 1047 2710 nec
1069 2646 1158 2722 dolo,

218 2745 280 2790 nec
301 2727 492 2792 fenebribus
513 2729 659 2793 artibus:
683 2728 781 2810 idque
803 2745 841 2792 eo
863 2730 917 2792 vel
938 2727 1049 2805 magis
1070 2726 1161 2808 qnod

217 2809 386 2870 nonsatis
408 2808 457 2871 ilii
479 2814 557 2872 sunt
578 2814 694 2872 contra
716 2809 854 2890 injurias
876 2813 975 2889 atque
996 2809 1162 2888 impoten-

217 2887 297 2949 tiam
320 2889 451 2966 muniti‚
475 2907 653 2971 eorumque
674 2907 739 2968 ree,
762 2906 828 2971 quo
849 2889 977 2969 exilior,
1000 2888 1063 2953 hoc
1084 2905 1162 2951 san-

217 2965 300 3030 ctior
321 2966 484 3033 habenda.
509 2995 513 3002 ·

257 3047 320 3110 His
334 3048 574 3132 obtemperatio
588 3050 722 3130 legibus
735 3067 845 3114 nonne
858 3054 971 3130 posset
981 3049 1048 3112 vim
1062 3067 1162 3114 caus·

218 3145 338 3222 sasque
360 3128 485 3194 dissidii
505 3132 558 3195 vel
579 3133 650 3195 sola
671 3129 908 3210 restinguere?
929 3164 971 3176 -
1000 3128 1064 3193 Sed
1096 3131 1158 3193 Ec-

219 3209 320 3273 clesia
342 3213 465 3280 tamen,
483 3213 503 3274 J
507 3229 564 3275 esu
585 3211 715 3275 christo
737 3212 901 3289 magistro
922 3215 956 3273 et
976 3210 1071 3288 duce,
1083 3227 1162 3353 Xer-

219 3289 370 3370 sequitur
404 3291 554 3371 majora:
593 3292 748 3356 videlicet
785 3290 965 3372 perfectius
1000 3291 1079 3371 quid
1105 3307 1162 3355 am

251 3467 260 3500 ¹
277 3467 338 3519 Jae.
356 3485 381 3533 v,
398 3470 421 3523 4.
