2554 4182
470 225 651 288 -353-

87 335 183 398 cibus
198 333 399 413 christianis,
416 333 443 394 si
465 333 623 396 societate
644 333 815 412 conjuncti
837 351 875 395 ac
889 332 1031 414 pruden-

87 415 179 478 tibus
202 415 394 478 auctoribus
412 413 477 492 usi,
494 413 582 474 viam
604 412 738 474 inierint
752 414 914 490 eamdem,
932 431 1033 495 quam

3 499 4 504 ’
88 503 201 576 patres
224 514 262 559 ac
283 495 425 575 majores
447 493 620 572 singulari
637 511 714 556 cum
735 495 842 556 salute
864 498 897 556 et
918 512 979 556 sua
1000 499 1033 557 et

88 577 224 717 publica
245 578 433 639 tenuerunt.
460 575 588 636 Etenim
610 574 827 666 quantumvis
849 592 975 653 magna
996 575 1032 636 in

115 656 225 718 omine
244 658 297 720 vis
321 654 516 737 opinionum
547 653 839 733 praejudicatarum
870 654 1031 735 eupidita-

88 741 229 817 tumque
251 739 305 817 sit,
328 741 441 797 tamen
463 733 528 796 nisi
549 752 683 798 sensum
705 735 834 797 honesti
856 753 961 814 prava
975 753 1032 797 vo·

88 817 204 880 luntas
226 815 503 898 obstupefecerit,
526 813 642 877 futura
661 821 711 878 est
731 815 967 878 benevolentia
988 815 1032 878 ci-

89 897 185 960 vium
215 898 250 960 in
280 916 335 960 eos
365 900 483 977 sponte
513 896 716 977 propensior,
741 913 823 977 quos
850 896 1032 958 industrios

89 995 130 1039 ao
153 977 321 1040 modestos
342 977 584 1056 cognoverint,
608 994 691 1057 quos
712 975 903 1056 aequitatem
924 978 1029 1054 lucro,

89 1058 291 1137 religionem
312 1057 413 1120 officii
435 1056 531 1118 rebus
558 1057 712 1120 omnibus
733 1057 921 1119 constiterit
941 1061 1032 1118 ante·

89 1155 223 1218 ponere.
242 1140 291 1200 Ex
312 1155 378 1219 qno
400 1136 486 1198 illud
500 1138 600 1200 etiam
617 1143 838 1216 consequetur
853 1136 1030 1218 commodi,

90 1220 180 1296 quod
201 1236 276 1298 spes
298 1225 330 1281 et
352 1217 494 1280 facultas
516 1217 668 1280 sanitatis
700 1236 767 1280 non
795 1218 933 1280 minima
953 1234 1031 1296 sup·

86 1299 296 1378 peditabitur
317 1298 491 1379 opificibus
512 1298 565 1375 iia,
582 1298 639 1379 qui
660 1299 713 1360 vel
729 1299 865 1360 omnino
880 1299 1033 1379 despecta

87 1378 155 1442 fide
176 1380 369 1454 christiana,
394 1379 448 1440 vel
476 1378 593 1441 alienis
614 1396 634 1440 a
655 1376 856 1458 professione
887 1379 1034 1442 moribus

3 1459 4 1492 ³
87 1460 220 1521 vivant.
239 1461 298 1522 Isti
317 1459 450 1538 quidem
471 1475 507 1520 se
530 1460 724 1538 plerumque
738 1458 935 1536 intelligunt
949 1459 1034 1522 falsa

3 1579 4 1592 κ
87 1556 148 1619 spe
168 1540 392 1619 simulataque
423 1556 534 1602 rerum
562 1540 669 1618 specie
690 1538 855 1618 deceptos.
879 1540 1033 1602 Sentium

88 1621 191 1700 enim,
209 1638 279 1683 sese
301 1618 391 1700 apud
411 1619 548 1696 cupidos
567 1620 716 1681 dominos
737 1619 835 1682 valde
854 1619 1034 1682 inhumane

87 1702 240 1778 tractari,
265 1717 325 1763 nec
344 1700 418 1762 fieri
440 1699 508 1762 fere
529 1701 637 1779 pluris
668 1717 769 1780 quam
791 1705 954 1781 quantum
975 1717 1033 1780 pa-

89 1779 182 1841 riant
204 1780 370 1862 operando
393 1781 497 1842 lucri:
520 1780 639 1860 quibus
668 1784 781 1843 autem
803 1779 1033 1842 sodalitatibus

87 1859 252 1942 implicati
274 1866 363 1939 sunt,
381 1860 415 1923 in
435 1859 477 1922 iis
497 1877 557 1939 pro
579 1860 717 1923 caritate
740 1866 838 1941 atque
860 1879 971 1922 amore
984 1861 1034 1940 inf

86 1941 229 2003 testinas
250 1941 430 2004 discordias
452 1941 604 2019 existere,
621 1941 802 2020 petulantis
817 1945 916 2020 atque
929 1942 1033 2004 iucre-

88 2019 179 2084 dulae
192 2024 401 2103 paupertatis
419 2026 595 2101 perpetuas
609 2022 757 2083 comites.
774 2023 892 2084 Fracto
908 2023 1030 2101 animo,

88 2109 273 2165 extenuato
294 2118 441 2181 corpore,
459 2119 559 2181 quarn
580 2101 677 2164 valde
699 2119 733 2163 se
754 2101 853 2170 multi
874 2102 1032 2165 vellente

87 2183 254 2245 servitute
284 2186 353 2246 tam
385 2181 504 2243 humili
534 2181 724 2244 vindicare:
756 2200 815 2245 nec
839 2186 953 2245 tamen
975 2201 1033 2244 an·
1099 2226 1104 2230 -

88 2263 183 2332 dent,
199 2261 258 2326 seu
279 2262 367 2344 quod
389 2261 562 2324 bominum
582 2261 700 2341 pudor,
716 2279 774 2325 seu
788 2270 898 2325 metus
912 2265 1033 2345 inopiae

86 2343 276 2422 prohibeat.
300 2344 456 2406 Jamvero
478 2343 529 2404 his
551 2342 705 2405 omnibus
727 2343 848 2404 mirum
870 2348 1032 2424 quantum

88 2425 245 2503 prodesse
277 2424 318 2504 ad
349 2424 491 2485 salutem
523 2423 667 2502 collegia
697 2423 938 2486 catholicorum
959 2441 1032 2503 pos-

87 2507 181 2581 sunt,
205 2505 232 2566 si
263 2503 453 2566 haesitantes
484 2503 527 2566 ad
557 2505 667 2566 sinum
696 2520 804 2580 suum,
821 2503 1032 2582 expediendis

88 2582 358 2664 difficultatibus,
378 2584 563 2662 invitarint,
581 2585 610 2646 si
630 2583 858 2664 resipiscentes
879 2587 914 2645 in
934 2583 1032 2646 fidem

87 2666 299 2745 tutelamque
321 2683 417 2726 suam
439 2666 636 2744 acceperint.
795 2721 805 2742 ,

132 2745 282 2823 Habetis,
304 2745 518 2808 Venerabiles
540 2746 685 2814 Fratres,
707 2762 789 2824 quos
820 2749 853 2806 et
884 2762 951 2825 qua
980 2762 1034 2808 ra-

87 2824 181 2888 tione
202 2825 372 2888 elaborare
403 2825 438 2887 in
460 2843 579 2888 caussa
608 2824 795 2905 perdifficili
823 2841 955 2887 necesse
978 2825 1032 2887 sit.

87 2939 128 2950 -
144 2907 398 2984 accingendum
419 2905 461 2966 ad
483 2923 561 2968 suas
574 2906 695 2987 cuique
715 2911 838 2984 partae,
855 2910 889 2968 et
911 2910 1034 2967 matur·

87 2985 174 3048 rime
197 2987 341 3066 quidem,
365 3003 406 3048 ne
436 2990 539 3048 tantae
567 2985 638 3066 jam
668 2987 764 3050 molis
786 2985 1035 3050 incommodum

87 3065 149 3126 fiat
171 3066 392 3130 insanabilius
412 3067 626 3129 cunctatione
649 3066 830 3129 medicinae.
849 3067 1035 3130 Adhibeant

87 3145 207 3224 legum
231 3147 527 3226 institutorumque
549 3146 804 3224 providentiam,
832 3147 889 3228 qui
910 3150 1033 3224 gerunt

87 3227 314 3305 respublicas:
349 3245 411 3290 sua
435 3227 647 3290 meminerint
669 3226 777 3288 officia
797 3227 979 3309 locupletes
1001 3231 1034 3289 et

89 3305 238 3368 domini:
270 3308 440 3369 enitantur
472 3306 623 3385 ratione,
650 3324 793 3387 quorum
823 3325 874 3369 res
905 3308 1030 3386 agitur,

89 3387 278 3466 proletarii:
302 3405 445 3468 cumque
467 3387 598 3466 religio,
615 3392 653 3448 ut
673 3387 767 3451 initio
791 3387 947 3468 diximus,
961 3407 1031 3451 ma-

155 3483 245 3550 Epist.
262 3484 374 3552 neapol.
390 3485 488 3537 Leonis
506 3485 560 3536 PP.
578 3484 659 3535 XIII·
741 3538 743 3541 ,
936 3486 967 3536 23
