2554 4182
607 285 644 295 -
665 252 785 314 346-

268 362 439 423 Postremo
470 358 595 422 domini
627 357 756 502 ipsigue
784 357 918 438 opifices
938 360 1083 424 multum
1103 361 1170 424 hae

226 443 261 505 in
283 457 402 504 caussa
422 443 574 520 possunt,
590 439 631 501 iis
652 439 686 500 vi
711 439 807 502 elicet
828 439 1004 516 institutis,
1023 458 1170 521 quorum

227 538 289 601 ope
304 524 336 584 et
351 523 535 602 opportune
548 519 766 583 subveniatur
781 517 1022 600 indigentibus,
1038 524 1071 583 et
1084 520 1169 585 ordo

227 605 312 666 alter
332 601 468 680 propius
489 600 624 664 accedat
645 600 688 664 ad
708 601 861 662 alterum.
886 601 1103 664 Numeranda
1130 601 1169 664 in

227 684 290 746 hoc
311 698 434 761 genere
462 680 617 744 sodalitia
647 681 689 743 ad
720 681 888 760 suppetias
918 684 1035 744 mutuo
1055 682 1169 745 feren·
1272 699 1273 734 r

228 763 298 826 das:
321 779 373 824 res
394 761 516 840 varias,
539 761 744 841 privatorum
766 761 974 840 providentie
1001 761 1169 826 constitu-

227 849 290 917 tas,
315 843 357 904 ad
378 841 562 905 cavendum
585 840 704 922 opifici,
728 841 872 920 itemque
894 841 1030 905 orbitati
1052 843 1169 906 uxoris

228 928 261 987 et
282 923 482 1002 liberorum,
505 923 534 984 si
554 922 634 1003 quid
654 921 802 985 subitum
823 923 976 999 ingruat,
999 923 1028 988 si
1050 921 1168 986 debili·

227 1010 280 1067 tas
301 1002 468 1078 afflixerit,
492 1003 520 1064 si
542 1001 621 1081 quid
642 1001 836 1065 humanitus
857 1002 995 1065 accidat:
1019 1003 1169 1066 instituti

227 1081 423 1166 patronatus
444 1082 564 1164 pueris,
586 1083 715 1162 puellis,
733 1083 995 1146 adolescentibus
1015 1088 1169 1164 natuque

227 1162 586 1307 sinduitti·
600 1162 1169 1323 itlriltititltttiitit

227 1325 447 1387 continentur.
471 1293 615 1386 Fabrum
636 1327 887 1404 corporatorum
912 1323 1001 1406 apud
1021 1323 1169 1404 majores

227 1410 358 1468 nostros
392 1401 450 1466 diu
483 1404 566 1467 bene
596 1403 686 1466 facta
716 1407 906 1467 constitere.
942 1405 1068 1467 Revera
1098 1423 1166 1469 non

227 1484 325 1550 modo
345 1484 510 1548 utilitates
542 1485 718 1566 praeclaras
744 1485 938 1558 artificibus,
960 1483 1018 1548 sed
1039 1485 1168 1550 artibus

227 1565 318 1646 ipsis,
342 1566 431 1646 quod
451 1565 608 1646 perplura
627 1569 844 1628 monumenta
865 1568 1042 1635 testantur,
1066 1565 1169 1630 decus

228 1649 329 1728 atque
351 1649 592 1710 incrementum
613 1662 778 1727 peperere.
803 1645 991 1710 Eruditiore
1011 1663 1102 1709 nunc
1122 1665 1169 1710 ae·

228 1731 308 1801 tate,
332 1726 478 1790 moribus
499 1728 604 1804 novis,
628 1725 736 1788 auctis
756 1727 859 1788 etiam
881 1727 980 1790 rebus
1000 1743 1081 1806 quas
1097 1729 1169 1791 vita

228 1806 422 1950 guotidiana
453 1805 626 1885 desiderat,
648 1805 795 1886 profecto
826 1803 980 1870 sodalitia
1011 1807 1170 1887 opificum

254 1889 317 1950 ecti
339 1887 381 1950 ad
402 1890 598 1966 praesentem
620 1903 719 1949 usum
734 1903 867 1949 neeesse
880 1891 942 1950 est.
958 1887 1071 1965 Vulgo
1086 1887 1169 1950 coiri

229 1967 300 2047 ejus
331 1967 464 2046 generis
492 1967 677 2046 societates,
700 1967 770 2029 sive
802 1972 890 2030 totas
924 1983 963 2028 ex
994 1967 1168 2048 opificibus

228 2047 400 2126 conflatas,
424 2048 493 2111 sive
513 2065 555 2109 ex
576 2051 717 2128 utroque
738 2047 852 2110 ordine
874 2047 1005 2127 mixtas,
1028 2055 1169 2128 gratum

229 2134 289 2190 est:
306 2128 488 2207 optandum
509 2145 587 2190 vero
609 2131 646 2189 ut
669 2145 807 2192 numero
828 2135 861 2190 et
881 2133 1018 2191 actuosa
1039 2131 1166 2193 virtute

229 2213 389 2270 crescant.
413 2208 484 2270 Etsi
516 2225 595 2271 vero
627 2208 666 2270 de
696 2208 739 2272 iis
759 2226 825 2270 non
847 2209 947 2271 semel
967 2209 1070 2272 verba
1091 2209 1168 2273 isoi-

228 2305 313 2366 mus,
337 2288 443 2366 placet
471 2291 582 2350 tamen
614 2289 676 2351 hoo
706 2288 779 2352 loeo
811 2288 995 2364 ostendere,
1018 2306 1073 2352 eas
1095 2306 1167 2354 esse

227 2368 324 2431 valde
346 2372 570 2449 opportunus,
593 2370 627 2430 et
654 2369 730 2447 jure
762 2386 821 2431 suo
853 2370 1057 2434 coalescere:
1084 2369 1168 2435 item

229 2466 294 2530 qua
314 2449 389 2511 illas
411 2448 586 2528 disciplina
607 2449 668 2522 uti,
685 2454 718 2511 et
738 2449 817 2530 quid
838 2467 940 2526 egere
961 2457 1123 2532 oporteat.

273 2530 396 2591 Virium
417 2547 554 2592 suarum
575 2529 746 2610 explorata
767 2530 935 2608 exiguitas
951 2531 1095 2612 impellit
1109 2531 1169 2594 ho-

229 2610 352 2673 minem
374 2613 473 2690 atque
494 2609 657 2681 hortatur,
674 2611 714 2672 ut
733 2626 830 2688 opem
850 2611 912 2674 sibi
927 2612 1069 2675 alienam
1085 2611 1169 2674 velit

229 2689 424 2770 adjungere.
442 2689 617 2753 Sacrorum
635 2690 822 2753 litterarum
843 2694 893 2754 est
914 2689 974 2758 illa
987 2692 1167 2757 sententia:

229 2777 353 2835 Melius
375 2773 426 2834 est
447 2773 532 2833 riuos
553 2787 627 2833 esse
648 2775 763 2846 simui,
781 2786 884 2846 quom
899 2787 1024 2834 urum:
1041 2774 1168 2837 baberet

229 2856 322 2915 cuim
343 2853 609 2914 emolumentum
630 2852 809 2914 societatis
829 2867 914 2916 auor.
939 2855 977 2916 Si
998 2869 1092 2915 ruva
1114 2869 1169 2916 ce-

230 2934 366 3008 ciderit,
390 2934 563 2995 obeliero
586 2933 763 3003 fulcietur.
795 2936 851 2996 Voe
871 2937 959 2995 soli:
983 2937 1066 3008 quic
1087 2950 1169 2997 cum

228 3013 402 3090 ceciderit,
418 3028 489 3076 corr
510 3013 609 3076 babet
630 3013 864 3082 sublevantem
885 3029 922 3077 se
943 3014 966 3078 ¹.
983 3015 1092 3094 Atque
1108 3014 1170 3077 illa

229 3108 378 3173 quoque:
402 3094 541 3172 Frater,
565 3097 625 3167 qui
656 3094 850 3168 adjuratur
870 3110 893 3155 a
913 3095 1040 3170 fratre,
1064 3101 1169 3170 nicasi

229 3176 357 3236 cirtica
377 3175 481 3247 firma
501 3174 526 3234 2.
550 3175 620 3236 Hac
650 3173 749 3236 homo
779 3175 998 3254 propensione
1020 3175 1171 3237 naturali

229 3254 315 3317 sicut
335 3253 377 3316 ad
398 3253 665 3334 coniunctionem
693 3254 826 3316 ducitur
852 3254 1169 3334 congregationem·

229 3351 293 3416 que
313 3333 456 3409 civilem,
479 3335 526 3396 sic
556 3339 589 3397 et
610 3335 693 3397 alias
714 3352 789 3397 cum
811 3333 940 3398 civibus
961 3335 1043 3398 inire
1064 3335 1172 3398 socie·

260 3510 269 3544 ¹
286 3509 498 3573 Eccl.1v,9·12.
644 3491 648 3497 ⁴
727 3509 838 3564 ’Pron
854 3527 934 3574 xv111,
951 3511 989 3564 19.
