2496 4172
537 286 715 347 -178-

160 392 281 471 officia,
296 396 395 473 atque
409 392 522 455 oblata
535 393 597 454 hac
610 393 631 454 J
635 391 747 454 ubilaei
772 391 897 471 gratia,
923 391 986 454 hoo
1004 394 1100 456 caele·

161 472 264 536 stium
278 473 530 536 miserationum
543 479 703 552 tempore,
715 474 748 533 in
761 471 948 534 animarum
962 490 1099 536 suarum

159 554 291 616 lucrum
304 557 336 616 et
351 554 505 616 Ecclesiae
520 552 711 632 utilitatem,
727 552 794 615 Deo
805 551 959 633 juvante,
975 553 1101 617 studio-

161 633 291 697 sissime
312 635 463 696 utantur.

200 714 318 794 ltaque
332 714 373 775 de
387 712 623 792 omnipotentis
637 711 697 775 Dei
710 712 946 792 misericordia,
962 731 1002 775 ac
1023 714 1101 776 bea·

159 797 272 856 torum
285 795 518 872 Apostolorum
534 793 623 855 Petri
642 795 674 854 et
689 793 785 854 Pauli
800 793 1000 856 auctoritate
1022 812 1100 858 cou-

160 872 223 950 fisi,
247 891 288 936 ex
308 873 367 937 illa
381 872 510 953 ligandi
525 876 624 953 atque
639 873 790 936 solvendi
805 877 980 953 potestate,
997 892 1099 954 quam

160 953 263 1016 Nobis
277 953 437 1016 Dominus
451 953 528 1015 licet
541 951 689 1031 indignis
704 953 858 1030 contulit,
874 953 1040 1018 universis
1064 960 1099 1018 et

160 1034 305 1113 singulis
320 1033 494 1114 utriusque
509 1050 606 1096 sexus
628 1032 749 1095 Christi
773 1033 927 1103 fidelibus
951 1034 984 1096 in
1010 1036 1100 1097 alma

163 1114 244 1178 urbe
258 1115 379 1176 Nostra
390 1113 600 1192 degentibus,
619 1114 671 1175 vel
684 1113 726 1176 ad
741 1130 814 1176 eam
829 1112 1097 1194 advenientibus,

162 1193 220 1275 qui
241 1194 355 1256 Sancti
367 1193 508 1257 loannis
523 1193 562 1256 de
577 1195 752 1272 Laterano,
770 1194 932 1273 Principis
957 1195 1099 1274 Aposto-

160 1274 280 1350 lorum,
307 1279 339 1335 et
364 1274 395 1335 S.
413 1273 526 1335 Mariae
549 1272 683 1352 Majoris
709 1272 865 1336 Basilicas
885 1287 906 1336 a
927 1274 1099 1338 Dominiea

160 1355 267 1434 prima
281 1353 560 1432 Quadragesimae,
577 1353 735 1415 nimirum
749 1371 770 1416 a
784 1353 837 1416 die
852 1354 998 1416 secunda
1012 1356 1101 1418 Mar-

161 1433 201 1495 tii
217 1433 379 1514 usquead
394 1432 481 1496 diem
495 1434 637 1514 primam
652 1434 672 1495 J
674 1433 745 1495 unii
760 1434 934 1512 inclusive,
948 1452 1021 1515 quae
1035 1436 1100 1498 erit

160 1514 334 1577 Dominica
350 1514 571 1591 Pentecostes,
593 1513 644 1576 bis
658 1513 877 1590 visitaverint,
905 1514 1017 1594 ibique
1039 1533 1100 1595 per

161 1594 296 1736 aliquod
317 1596 476 1675 temporis
497 1595 640 1673 spatium
662 1610 721 1673 pro
743 1593 921 1656 Catholicae
943 1596 1103 1660 Ecclesiae

161 1680 193 1736 et
237 1674 314 1755 ujus
335 1676 534 1754 Apostolicae
558 1673 649 1736 Sedis
673 1673 891 1754 prosperitate
916 1680 950 1738 et
971 1676 1101 1738 exalta·

162 1755 251 1818 tione
275 1773 335 1835 pro
360 1755 578 1836 extirpatione
603 1755 778 1830 haeresum,
802 1754 1017 1834 omniumque
1044 1773 1101 1818 er-

161 1836 307 1898 rantium
318 1836 545 1914 conversione,
559 1852 618 1914 pro
632 1833 892 1897 Christianorum
907 1835 1101 1914 Principum

160 1915 348 1992 concordia,
366 1933 404 1977 ac
418 1916 522 1979 totius
536 1914 642 1976 fidelis
665 1915 780 1994 populi
805 1932 886 1995 pace
907 1917 941 1977 et
956 1915 1098 1994 unitate,

160 1994 309 2137 acAEuxta
322 1997 466 2058 mentem
481 1996 637 2057 Nostram
651 1995 725 2076 pias
739 1994 781 2056 ad
796 1995 901 2058 Deum
916 2011 1027 2074 preces
1049 1995 1101 2058 ef-

159 2073 197 2137 fu
220 2076 318 2152 erint,
340 2093 379 2137 ac
400 2076 500 2137 semel
521 2075 609 2137 intra
630 2073 805 2154 praefatum
826 2078 958 2154 tempus
972 2075 1101 2139 esuria-

159 2154 246 2217 libns
259 2158 392 2217 tantum
405 2154 487 2218 cibis
502 2157 633 2218 utentes
640 2154 877 2235 jejunaverint,
893 2159 1014 2234 praeter
1026 2155 1102 2218 dies

159 2235 194 2297 in
209 2234 490 2314 quadragesimali
503 2235 634 2298 indulto
659 2251 725 2298 non
749 2235 1014 2314 comprehensos,
1037 2242 1100 2298 aut

160 2315 243 2376 alias
257 2314 356 2377 simili
369 2315 475 2378 stricti
495 2315 584 2395 juris
592 2314 723 2396 jejunio
737 2332 778 2377 ex
791 2319 956 2396 praecepto
968 2365 971 2372 Δ
982 2316 1099 2378 Eccle-

161 2393 218 2458 siae
239 2399 457 2473 consecratos,
472 2401 506 2458 et
520 2400 655 2476 peccata
679 2413 740 2458 sna
761 2394 900 2458 confessi
925 2395 1099 2458 sanctissi-

161 2492 253 2538 mum
267 2475 486 2540 Eucharistiae
498 2476 748 2538 Sacramentum
759 2477 976 2556 susceperint,
993 2479 1027 2538 et
1037 2476 1100 2538 ali-

161 2573 261 2636 quam
286 2557 531 2637 eleemosynam
557 2557 591 2617 in
615 2572 776 2698 pauperes
803 2557 853 2619 vel
877 2556 913 2619 in
927 2556 1020 2635 pium
1034 2556 1100 2618 ali-

160 2635 248 2716 quod
263 2654 356 2718 opus,
373 2642 470 2717 prout
484 2636 662 2717 unicuique
698 2636 807 2699 evotio
821 2639 996 2716 suggeret,
1024 2652 1098 2699 ero-

160 2717 332 2795 gaverint·
349 2718 465 2781 ceteris
479 2733 558 2780 vero
572 2722 668 2779 extra
682 2716 798 2778 urbem
813 2716 1005 2795 praedictam
1020 2715 1096 2779 ubi-

159 2814 301 2890 cumque
316 2767 526 2876 degentibus,
542 2797 597 2878 qui
612 2799 679 2858 tres
694 2795 857 2858 Ecclesias
871 2795 1021 2876 eJusdem
1045 2797 1098 2858 ci-

158 2875 273 2938 vitatis
296 2882 355 2940 aut
368 2878 443 2956 loci,
460 2878 530 2940 sive
543 2878 579 2939 in
592 2876 684 2939 illius
706 2876 874 2939 suburbiis
899 2875 1091 2956 existentes

159 2954 201 3017 ab
215 2955 397 3020 ordinariis
411 2958 559 3020 locorum
573 2958 627 3019 vel
641 2973 755 3019 eornm
770 2956 911 3019 Vicariis
935 2973 994 3018 seu
1016 2953 1097 3018 Offi-

159 3034 311 3117 cialibus,
334 3041 393 3099 aut
415 3037 454 3100 de
476 3054 590 3101 eorum
611 3036 767 3100 mandato
790 3035 925 3116 stipsis
946 3035 1100 3099 deficien-

159 3114 248 3178 tibus
268 3133 326 3196 per
347 3133 403 3180 eos
425 3117 482 3197 qui
503 3118 549 3180 ibi
576 3133 692 3180 curam
719 3117 906 3180 animarum
940 3122 1096 3179 exercent

160 3194 395 3275 designandas,
411 3199 475 3276 bia,
492 3198 546 3260 vel
560 3198 589 3260 si
604 3197 678 3260 duae
693 3199 825 3260 tantum
838 3197 883 3259 ibi
896 3195 1009 3259 adsint
1032 3197 1097 3258 Ec-

160 3276 280 3352 olesiae,
310 3282 373 3353 ter,
402 3281 461 3341 aut
481 3277 510 3340 si
534 3277 710 3340 dumtaxat
736 3295 815 3355 una,
842 3277 957 3353 sexies,
988 3276 1099 3355 spatio

159 3356 263 3420 trium
278 3356 512 3437 predictorum
537 3357 699 3421 mensium
725 3357 948 3436 visitaverint,
963 3355 1100 3436 aliaque

160 3439 326 3501 recensita
353 3456 452 3519 opera
480 3438 598 3501 devote
634 3437 841 3517 peregerint,
870 3436 1099 3517 plenissimam

160 3520 308 3582 omnium
322 3522 534 3601 peccatorum
555 3534 692 3582 suorum
721 3517 983 3596 Indulgentiam,
1008 3516 1099 3578 sicut
