<?xml version="1.0" encoding="UTF-8"?>
<!DOCTYPE html PUBLIC "-//W3C//DTD XHTML 1.0 Transitional//EN"
    "http://www.w3.org/TR/xhtml1/DTD/xhtml1-transitional.dtd">
<html xmlns="http://www.w3.org/1999/xhtml" xml:lang="en" lang="en">
 <head>
  <title>
</title>
<meta http-equiv="Content-Type" content="text/html;charset=utf-8" />
  <meta name='ocr-system' content='tesseract 3.04.00' />
  <meta name='ocr-capabilities' content='ocr_page ocr_carea ocr_par ocr_line ocrx_word'/>
</head>
<body>
  <div class='ocr_page' id='page_1' title='image "./epistolaeencycl00xiiigoog_0232.png"; bbox 0 0 2576 4180; ppageno 0'>
   <div class='ocr_carea' id='block_1_1' title="bbox 509 301 689 364">
    <p class='ocr_par' dir='ltr' id='par_1_1' title="bbox 509 301 689 364">
     <span class='ocr_line' id='line_1_1' title="bbox 509 301 689 364; baseline 0 -1"><span class='ocrx_word' id='word_1_1' title='bbox 509 301 628 364; x_wconf 82' lang='lat'>-225</span> <span class='ocrx_word' id='word_1_2' title='bbox 650 335 689 344; x_wconf 98' lang='lat'>—</span> 
     </span>
    </p>
   </div>
   <div class='ocr_carea' id='block_1_2' title="bbox 95 406 1070 2500">
    <p class='ocr_par' dir='ltr' id='par_1_2' title="bbox 125 406 1070 729">
     <span class='ocr_line' id='line_1_2' title="bbox 125 406 1070 488; baseline 0.003 -18"><span class='ocrx_word' id='word_1_3' title='bbox 125 406 309 470; x_wconf 82' lang='lat' dir='ltr'>troversias</span> <span class='ocrx_word' id='word_1_4' title='bbox 333 407 545 485; x_wconf 82' lang='lat' dir='ltr'>vigilantiam</span> <span class='ocrx_word' id='word_1_5' title='bbox 565 413 598 470; x_wconf 89' lang='lat' dir='ltr'>et</span> <span class='ocrx_word' id='word_1_6' title='bbox 620 408 861 488; x_wconf 85' lang='lat' dir='ltr'>providentiam</span> <span class='ocrx_word' id='word_1_7' title='bbox 882 427 978 473; x_wconf 89' lang='lat' dir='ltr'>suam</span> <span class='ocrx_word' id='word_1_8' title='bbox 993 427 1070 473; x_wconf 91' lang='lat' dir='ltr'>oon-</span> 
     </span>
     <span class='ocr_line' id='line_1_3' title="bbox 127 487 1070 570; baseline 0.004 -21"><span class='ocrx_word' id='word_1_9' title='bbox 127 491 259 549; x_wconf 88' lang='lat' dir='ltr'>vertere</span> <span class='ocrx_word' id='word_1_10' title='bbox 281 504 348 549; x_wconf 90' lang='lat' dir='ltr'>non</span> <span class='ocrx_word' id='word_1_11' title='bbox 369 487 600 568; x_wconf 83' lang='lat' dir='ltr'>praetermittit,</span> <span class='ocrx_word' id='word_1_12' title='bbox 620 506 659 552; x_wconf 91' lang='lat' dir='ltr'>ea</span> <span class='ocrx_word' id='word_1_13' title='bbox 680 487 828 552; x_wconf 86' lang='lat' dir='ltr'>adhibita</span> <span class='ocrx_word' id='word_1_14' title='bbox 849 490 978 553; x_wconf 89' lang='lat' dir='ltr'>consilii</span> <span class='ocrx_word' id='word_1_15' title='bbox 992 508 1070 570; x_wconf 93' lang='lat' dir='ltr'>pru-</span> 
     </span>
     <span class='ocr_line' id='line_1_4' title="bbox 127 566 1069 652; baseline 0.003 -21"><span class='ocrx_word' id='word_1_16' title='bbox 127 567 256 644; x_wconf 81' lang='lat' dir='ltr'>dentia,</span> <span class='ocrx_word' id='word_1_17' title='bbox 272 566 309 630; x_wconf 90' lang='lat' dir='ltr'>iu</span> <span class='ocrx_word' id='word_1_18' title='bbox 324 585 390 650; x_wconf 89' lang='lat' dir='ltr'>qua</span> <span class='ocrx_word' id='word_1_19' title='bbox 405 569 586 648; x_wconf 85' lang='lat' dir='ltr'>quemlibet</span> <span class='ocrx_word' id='word_1_20' title='bbox 599 568 801 632; x_wconf 86' lang='lat' dir='ltr'>catholicum</span> <span class='ocrx_word' id='word_1_21' title='bbox 817 569 926 633; x_wconf 87' lang='lat' dir='ltr'>virum</span> <span class='ocrx_word' id='word_1_22' title='bbox 936 588 1069 652; x_wconf 73' lang='lat' dir='ltr'>aequum</span> 
     </span>
     <span class='ocr_line' id='line_1_5' title="bbox 128 649 445 729; baseline 0.003 -18"><span class='ocrx_word' id='word_1_23' title='bbox 128 652 182 712; x_wconf 86' lang='lat' dir='ltr'>eat</span> <span class='ocrx_word' id='word_1_24' title='bbox 202 649 445 729; x_wconf 76' lang='lat' dir='ltr'>conquiescere.</span> 
     </span>
    </p>

    <p class='ocr_par' dir='ltr' id='par_1_3' title="bbox 95 728 1070 1212">
     <span class='ocr_line' id='line_1_6' title="bbox 171 728 1069 812; baseline 0.007 -22"><span class='ocrx_word' id='word_1_25' title='bbox 171 729 222 790; x_wconf 81' lang='lat' dir='ltr'>Ex</span> <span class='ocrx_word' id='word_1_26' title='bbox 244 745 310 808; x_wconf 90' lang='lat' dir='ltr'>qua</span> <span class='ocrx_word' id='word_1_27' title='bbox 330 732 443 792; x_wconf 89' lang='lat' dir='ltr'>tamen</span> <span class='ocrx_word' id='word_1_28' title='bbox 463 747 498 791; x_wconf 91' lang='lat' dir='ltr'>re</span> <span class='ocrx_word' id='word_1_29' title='bbox 518 730 673 793; x_wconf 89' lang='lat' dir='ltr'>uolumus</span> <span class='ocrx_word' id='word_1_30' title='bbox 695 728 932 794; x_wconf 84' lang='lat' dir='ltr'>detrimentum</span> <span class='ocrx_word' id='word_1_31' title='bbox 953 747 1069 812; x_wconf 88' lang='lat' dir='ltr'>capere</span> 
     </span>
     <span class='ocr_line' id='line_1_7' title="bbox 95 807 1067 888; baseline 0.007 -18"><span class='ocrx_word' id='word_1_32' title='bbox 95 815 100 820; x_wconf 88' lang='lat'>&#39;</span> <span class='ocrx_word' id='word_1_33' title='bbox 127 807 323 872; x_wconf 85' lang='lat' dir='ltr'>societatem</span> <span class='ocrx_word' id='word_1_34' title='bbox 345 809 577 888; x_wconf 85' lang='lat' dir='ltr'>religiosorum</span> <span class='ocrx_word' id='word_1_35' title='bbox 599 811 748 874; x_wconf 89' lang='lat' dir='ltr'>virorum</span> <span class='ocrx_word' id='word_1_36' title='bbox 780 827 802 873; x_wconf 87' lang='lat' dir='ltr'>a</span> <span class='ocrx_word' id='word_1_37' title='bbox 836 812 990 876; x_wconf 73' lang='lat' dir='ltr'>Caritate</span> <span class='ocrx_word' id='word_1_38' title='bbox 1010 831 1067 877; x_wconf 93' lang='lat' dir='ltr'>no·</span> 
     </span>
     <span class='ocr_line' id='line_1_8' title="bbox 127 889 1070 972; baseline 0.005 -21"><span class='ocrx_word' id='word_1_39' title='bbox 127 889 303 970; x_wconf 83' lang='lat' dir='ltr'>minatam,</span> <span class='ocrx_word' id='word_1_40' title='bbox 328 907 401 970; x_wconf 71' lang='lat' dir='ltr'>quae</span> <span class='ocrx_word' id='word_1_41' title='bbox 421 889 509 952; x_wconf 91' lang='lat' dir='ltr'>siout</span> <span class='ocrx_word' id='word_1_42' title='bbox 528 890 564 952; x_wconf 90' lang='lat' dir='ltr'>in</span> <span class='ocrx_word' id='word_1_43' title='bbox 582 889 741 970; x_wconf 81' lang='lat' dir='ltr'>Juvandia</span> <span class='ocrx_word' id='word_1_44' title='bbox 760 908 801 953; x_wconf 84' lang='lat' dir='ltr'>ex</span> <span class='ocrx_word' id='word_1_45' title='bbox 820 891 974 955; x_wconf 87' lang='lat' dir='ltr'>instituto</span> <span class='ocrx_word' id='word_1_46' title='bbox 996 909 1070 972; x_wconf 89' lang='lat' dir='ltr'>pro-</span> 
     </span>
     <span class='ocr_line' id='line_1_9' title="bbox 127 969 1068 1053; baseline 0.004 -21"><span class='ocrx_word' id='word_1_47' title='bbox 127 969 234 1032; x_wconf 83' lang='lat' dir='ltr'>ximis</span> <span class='ocrx_word' id='word_1_48' title='bbox 254 970 412 1034; x_wconf 86' lang='lat' dir='ltr'>hactenus</span> <span class='ocrx_word' id='word_1_49' title='bbox 433 970 562 1034; x_wconf 87' lang='lat' dir='ltr'>labores</span> <span class='ocrx_word' id='word_1_50' title='bbox 581 987 659 1034; x_wconf 89' lang='lat' dir='ltr'>suos</span> <span class='ocrx_word' id='word_1_51' title='bbox 678 969 806 1034; x_wconf 87' lang='lat' dir='ltr'>utiliter</span> <span class='ocrx_word' id='word_1_52' title='bbox 820 972 1007 1053; x_wconf 86' lang='lat' dir='ltr'>insumpsit,</span> <span class='ocrx_word' id='word_1_53' title='bbox 1019 973 1068 1036; x_wconf 89' lang='lat' dir='ltr'>ita</span> 
     </span>
     <span class='ocr_line' id='line_1_10' title="bbox 127 1049 1067 1135; baseline 0.002 -21"><span class='ocrx_word' id='word_1_54' title='bbox 127 1049 315 1130; x_wconf 88' lang='lat' dir='ltr'>optandum</span> <span class='ocrx_word' id='word_1_55' title='bbox 336 1055 373 1113; x_wconf 90' lang='lat' dir='ltr'>ut</span> <span class='ocrx_word' id='word_1_56' title='bbox 394 1050 511 1128; x_wconf 80' lang='lat' dir='ltr'>vigeat</span> <span class='ocrx_word' id='word_1_57' title='bbox 531 1049 659 1130; x_wconf 89' lang='lat' dir='ltr'>reliquo</span> <span class='ocrx_word' id='word_1_58' title='bbox 679 1056 839 1133; x_wconf 87' lang='lat' dir='ltr'>tempore,</span> <span class='ocrx_word' id='word_1_59' title='bbox 871 1051 1067 1135; x_wconf 85' lang='lat' dir='ltr'>fructusque</span> 
     </span>
     <span class='ocr_line' id='line_1_11' title="bbox 127 1129 735 1212; baseline 0.007 -20"><span class='ocrx_word' id='word_1_60' title='bbox 127 1134 254 1211; x_wconf 83' lang='lat' dir='ltr'>pergat</span> <span class='ocrx_word' id='word_1_61' title='bbox 274 1130 418 1212; x_wconf 87' lang='lat' dir='ltr'>quotidie</span> <span class='ocrx_word' id='word_1_62' title='bbox 439 1131 608 1194; x_wconf 88' lang='lat' dir='ltr'>uberiores</span> <span class='ocrx_word' id='word_1_63' title='bbox 628 1129 735 1196; x_wconf 89' lang='lat' dir='ltr'>edere.</span> 
     </span>
    </p>

    <p class='ocr_par' dir='ltr' id='par_1_4' title="bbox 126 1211 1070 2338">
     <span class='ocr_line' id='line_1_12' title="bbox 173 1211 1067 1293; baseline 0.006 -21"><span class='ocrx_word' id='word_1_64' title='bbox 173 1211 305 1274; x_wconf 86' lang='lat' dir='ltr'>Interea</span> <span class='ocrx_word' id='word_1_65' title='bbox 324 1211 482 1274; x_wconf 81' lang='lat' dir='ltr'>Vestrum</span> <span class='ocrx_word' id='word_1_66' title='bbox 504 1215 564 1288; x_wconf 81' lang='lat' dir='ltr'>est,</span> <span class='ocrx_word' id='word_1_67' title='bbox 587 1211 799 1276; x_wconf 80' lang='lat' dir='ltr'>venerabiles</span> <span class='ocrx_word' id='word_1_68' title='bbox 824 1213 965 1293; x_wconf 81' lang='lat' dir='ltr'>Fratres,</span> <span class='ocrx_word' id='word_1_69' title='bbox 990 1213 1067 1278; x_wconf 90' lang='lat' dir='ltr'>dare</span> 
     </span>
     <span class='ocr_line' id='line_1_13' title="bbox 128 1291 1069 1373; baseline 0.003 -19"><span class='ocrx_word' id='word_1_70' title='bbox 128 1307 267 1370; x_wconf 86' lang='lat' dir='ltr'>operam</span> <span class='ocrx_word' id='word_1_71' title='bbox 289 1295 326 1353; x_wconf 91' lang='lat' dir='ltr'>ut</span> <span class='ocrx_word' id='word_1_72' title='bbox 346 1291 417 1354; x_wconf 86' lang='lat' dir='ltr'>haec</span> <span class='ocrx_word' id='word_1_73' title='bbox 436 1292 575 1354; x_wconf 85' lang='lat' dir='ltr'>consilia</span> <span class='ocrx_word' id='word_1_74' title='bbox 597 1293 718 1356; x_wconf 88' lang='lat' dir='ltr'>Nostra</span> <span class='ocrx_word' id='word_1_75' title='bbox 730 1293 956 1373; x_wconf 90' lang='lat' dir='ltr'>perficiantur,</span> <span class='ocrx_word' id='word_1_76' title='bbox 973 1297 1005 1356; x_wconf 91' lang='lat' dir='ltr'>et</span> <span class='ocrx_word' id='word_1_77' title='bbox 1020 1295 1069 1358; x_wconf 91' lang='lat' dir='ltr'>ni·</span> 
     </span>
     <span class='ocr_line' id='line_1_14' title="bbox 127 1370 1069 1456; baseline 0.002 -21"><span class='ocrx_word' id='word_1_78' title='bbox 127 1371 180 1435; x_wconf 92' lang='lat' dir='ltr'>hil</span> <span class='ocrx_word' id='word_1_79' title='bbox 200 1371 353 1435; x_wconf 88' lang='lat' dir='ltr'>omittere</span> <span class='ocrx_word' id='word_1_80' title='bbox 375 1371 462 1452; x_wconf 89' lang='lat' dir='ltr'>quod</span> <span class='ocrx_word' id='word_1_81' title='bbox 483 1370 525 1434; x_wconf 88' lang='lat' dir='ltr'>ad</span> <span class='ocrx_word' id='word_1_82' title='bbox 546 1371 743 1435; x_wconf 86' lang='lat' dir='ltr'>firmandam</span> <span class='ocrx_word' id='word_1_83' title='bbox 765 1373 977 1437; x_wconf 81' lang='lat' dir='ltr'>concordIam</span> <span class='ocrx_word' id='word_1_84' title='bbox 995 1393 1069 1456; x_wconf 87' lang='lat' dir='ltr'>per·</span> 
     </span>
     <span class='ocr_line' id='line_1_15' title="bbox 127 1451 1070 1533; baseline 0.004 -19"><span class='ocrx_word' id='word_1_85' title='bbox 127 1453 247 1515; x_wconf 86' lang='lat' dir='ltr'>tineat.</span> <span class='ocrx_word' id='word_1_86' title='bbox 272 1454 349 1528; x_wconf 84' lang='lat' dir='ltr'>Quae</span> <span class='ocrx_word' id='word_1_87' title='bbox 371 1470 451 1515; x_wconf 86' lang='lat' dir='ltr'>sane</span> <span class='ocrx_word' id='word_1_88' title='bbox 473 1469 511 1515; x_wconf 95' lang='lat' dir='ltr'>eo</span> <span class='ocrx_word' id='word_1_89' title='bbox 533 1451 643 1530; x_wconf 85' lang='lat' dir='ltr'>magis</span> <span class='ocrx_word' id='word_1_90' title='bbox 664 1457 726 1530; x_wconf 83' lang='lat' dir='ltr'>est,</span> <span class='ocrx_word' id='word_1_91' title='bbox 750 1459 788 1516; x_wconf 92' lang='lat' dir='ltr'>ut</span> <span class='ocrx_word' id='word_1_92' title='bbox 809 1455 910 1533; x_wconf 86' lang='lat' dir='ltr'>probe</span> <span class='ocrx_word' id='word_1_93' title='bbox 944 1455 1070 1519; x_wconf 88' lang='lat' dir='ltr'>intelli-</span> 
     </span>
     <span class='ocr_line' id='line_1_16' title="bbox 128 1532 1069 1616; baseline 0.009 -24"><span class='ocrx_word' id='word_1_94' title='bbox 128 1532 224 1610; x_wconf 80' lang='lat' dir='ltr'>gitis,</span> <span class='ocrx_word' id='word_1_95' title='bbox 245 1533 443 1612; x_wconf 86' lang='lat' dir='ltr'>necessaria,</span> <span class='ocrx_word' id='word_1_96' title='bbox 467 1550 532 1614; x_wconf 91' lang='lat' dir='ltr'>quo</span> <span class='ocrx_word' id='word_1_97' title='bbox 555 1533 666 1613; x_wconf 89' lang='lat' dir='ltr'>plures</span> <span class='ocrx_word' id='word_1_98' title='bbox 686 1537 720 1596; x_wconf 92' lang='lat' dir='ltr'>et</span> <span class='ocrx_word' id='word_1_99' title='bbox 741 1534 884 1598; x_wconf 77' lang='lat' dir='ltr'>nortores</span> <span class='ocrx_word' id='word_1_100' title='bbox 906 1539 1069 1616; x_wconf 85' lang='lat' dir='ltr'>apparent</span> 
     </span>
     <span class='ocr_line' id='line_1_17' title="bbox 128 1611 1069 1697; baseline 0.006 -23"><span class='ocrx_word' id='word_1_101' title='bbox 128 1611 243 1675; x_wconf 88' lang='lat' dir='ltr'>hostes</span> <span class='ocrx_word' id='word_1_102' title='bbox 264 1613 361 1676; x_wconf 89' lang='lat' dir='ltr'>rebus</span> <span class='ocrx_word' id='word_1_103' title='bbox 382 1613 555 1677; x_wconf 80' lang='lat' dir='ltr'>catholicis</span> <span class='ocrx_word' id='word_1_104' title='bbox 568 1614 798 1678; x_wconf 89' lang='lat' dir='ltr'>imminentes:</span> <span class='ocrx_word' id='word_1_105' title='bbox 815 1613 973 1678; x_wconf 86' lang='lat' dir='ltr'>adversus</span> <span class='ocrx_word' id='word_1_106' title='bbox 988 1634 1069 1697; x_wconf 84' lang='lat' dir='ltr'>quoa</span> 
     </span>
     <span class='ocr_line' id='line_1_18' title="bbox 128 1694 1069 1775; baseline 0.003 -19"><span class='ocrx_word' id='word_1_107' title='bbox 128 1709 285 1756; x_wconf 85' lang='lat' dir='ltr'>exercere</span> <span class='ocrx_word' id='word_1_108' title='bbox 305 1694 393 1757; x_wconf 86' lang='lat' dir='ltr'>vires</span> <span class='ocrx_word' id='word_1_109' title='bbox 413 1711 528 1758; x_wconf 89' lang='lat' dir='ltr'>omnes</span> <span class='ocrx_word' id='word_1_110' title='bbox 548 1711 682 1757; x_wconf 86' lang='lat' dir='ltr'>necesse</span> <span class='ocrx_word' id='word_1_111' title='bbox 704 1699 764 1775; x_wconf 86' lang='lat' dir='ltr'>est,</span> <span class='ocrx_word' id='word_1_112' title='bbox 787 1711 908 1775; x_wconf 87' lang='lat' dir='ltr'>easque</span> <span class='ocrx_word' id='word_1_113' title='bbox 923 1713 989 1758; x_wconf 91' lang='lat' dir='ltr'>non</span> <span class='ocrx_word' id='word_1_114' title='bbox 1005 1696 1069 1760; x_wconf 90' lang='lat' dir='ltr'>dis·</span> 
     </span>
     <span class='ocr_line' id='line_1_19' title="bbox 129 1773 1067 1854; baseline 0.002 -17"><span class='ocrx_word' id='word_1_115' title='bbox 129 1775 294 1853; x_wconf 88' lang='lat' dir='ltr'>sipatioue</span> <span class='ocrx_word' id='word_1_116' title='bbox 315 1773 457 1854; x_wconf 87' lang='lat' dir='ltr'>attritas,</span> <span class='ocrx_word' id='word_1_117' title='bbox 480 1773 539 1838; x_wconf 87' lang='lat' dir='ltr'>sed</span> <span class='ocrx_word' id='word_1_118' title='bbox 559 1775 793 1854; x_wconf 85' lang='lat' dir='ltr'>conjunctione</span> <span class='ocrx_word' id='word_1_119' title='bbox 827 1778 953 1838; x_wconf 87' lang='lat' dir='ltr'>auctas.</span> <span class='ocrx_word' id='word_1_120' title='bbox 989 1776 1067 1840; x_wconf 91' lang='lat' dir='ltr'>Plu-</span> 
     </span>
     <span class='ocr_line' id='line_1_20' title="bbox 127 1853 1068 1996; baseline 0.004 -80"><span class='ocrx_word' id='word_1_121' title='bbox 127 1854 254 1917; x_wconf 87' lang='lat' dir='ltr'>rimum</span> <span class='ocrx_word' id='word_1_122' title='bbox 275 1857 452 1996; x_wconf 56' lang='lat' dir='ltr'>progterea</span> <span class='ocrx_word' id='word_1_123' title='bbox 471 1853 660 1935; x_wconf 87' lang='lat' dir='ltr'>prudentia,</span> <span class='ocrx_word' id='word_1_124' title='bbox 675 1856 800 1918; x_wconf 88' lang='lat' dir='ltr'>virtute</span> <span class='ocrx_word' id='word_1_125' title='bbox 821 1859 855 1918; x_wconf 89' lang='lat' dir='ltr'>et</span> <span class='ocrx_word' id='word_1_126' title='bbox 869 1855 1068 1920; x_wconf 87' lang='lat' dir='ltr'>auctoritate</span> 
     </span>
     <span class='ocr_line' id='line_1_21' title="bbox 128 1934 1067 2015; baseline 0.003 -19"><span class='ocrx_word' id='word_1_127' title='bbox 128 1934 252 1997; x_wconf 87' lang='lat' dir='ltr'>Vestra</span> <span class='ocrx_word' id='word_1_128' title='bbox 271 1950 335 1999; x_wconf 92' lang='lat' dir='ltr'>con</span> <span class='ocrx_word' id='word_1_129' title='bbox 361 1935 401 2011; x_wconf 83' lang='lat' dir='ltr'>si,</span> <span class='ocrx_word' id='word_1_130' title='bbox 434 1935 536 1998; x_wconf 83' lang='lat' dir='ltr'>Vobis</span> <span class='ocrx_word' id='word_1_131' title='bbox 567 1936 730 2015; x_wconf 87' lang='lat' dir='ltr'>omnibus,</span> <span class='ocrx_word' id='word_1_132' title='bbox 753 1935 965 1999; x_wconf 87' lang='lat' dir='ltr'>Venerabiles</span> <span class='ocrx_word' id='word_1_133' title='bbox 986 1936 1067 1999; x_wconf 86' lang='lat' dir='ltr'>Fra·</span> 
     </span>
     <span class='ocr_line' id='line_1_22' title="bbox 126 2015 1067 2095; baseline 0.002 -17"><span class='ocrx_word' id='word_1_134' title='bbox 126 2020 208 2092; x_wconf 86' lang='lat' dir='ltr'>tres,</span> <span class='ocrx_word' id='word_1_135' title='bbox 232 2019 266 2078; x_wconf 91' lang='lat' dir='ltr'>et</span> <span class='ocrx_word' id='word_1_136' title='bbox 285 2015 417 2095; x_wconf 86' lang='lat' dir='ltr'>populis</span> <span class='ocrx_word' id='word_1_137' title='bbox 438 2015 627 2095; x_wconf 74' lang='lat' dir='ltr'>vigilantiae</span> <span class='ocrx_word' id='word_1_138' title='bbox 649 2017 774 2080; x_wconf 86' lang='lat' dir='ltr'>Vestrae</span> <span class='ocrx_word' id='word_1_139' title='bbox 795 2016 993 2092; x_wconf 84' lang='lat' dir='ltr'>commissis,</span> <span class='ocrx_word' id='word_1_140' title='bbox 1008 2035 1067 2080; x_wconf 91' lang='lat' dir='ltr'>au-</span> 
     </span>
     <span class='ocr_line' id='line_1_23' title="bbox 127 2095 1067 2177; baseline 0.002 -19"><span class='ocrx_word' id='word_1_141' title='bbox 127 2097 253 2175; x_wconf 86' lang='lat' dir='ltr'>spicem</span> <span class='ocrx_word' id='word_1_142' title='bbox 273 2095 463 2159; x_wconf 90' lang='lat' dir='ltr'>diviuorum</span> <span class='ocrx_word' id='word_1_143' title='bbox 493 2113 682 2177; x_wconf 87' lang='lat' dir='ltr'>munerum,</span> <span class='ocrx_word' id='word_1_144' title='bbox 706 2099 740 2159; x_wconf 89' lang='lat' dir='ltr'>et</span> <span class='ocrx_word' id='word_1_145' title='bbox 762 2097 938 2177; x_wconf 75' lang='lat' dir='ltr'>praecipuae</span> <span class='ocrx_word' id='word_1_146' title='bbox 969 2097 1067 2160; x_wconf 91' lang='lat' dir='ltr'>bene-</span> 
     </span>
     <span class='ocr_line' id='line_1_24' title="bbox 128 2175 1067 2257; baseline 0.003 -19"><span class='ocrx_word' id='word_1_147' title='bbox 128 2175 287 2239; x_wconf 75' lang='lat' dir='ltr'>volentia</span> <span class='ocrx_word' id='word_1_148' title='bbox 309 2176 438 2239; x_wconf 82' lang='lat' dir='ltr'>Nostrae</span> <span class='ocrx_word' id='word_1_149' title='bbox 458 2177 590 2256; x_wconf 86' lang='lat' dir='ltr'>testem,</span> <span class='ocrx_word' id='word_1_150' title='bbox 615 2178 836 2257; x_wconf 64' lang='lat' dir='ltr'>apostolicam</span> <span class='ocrx_word' id='word_1_151' title='bbox 863 2177 1067 2242; x_wconf 89' lang='lat' dir='ltr'>Benedictio·</span> 
     </span>
     <span class='ocr_line' id='line_1_25' title="bbox 126 2255 894 2338; baseline 0.004 -19"><span class='ocrx_word' id='word_1_152' title='bbox 126 2273 206 2320; x_wconf 91' lang='lat' dir='ltr'>nem</span> <span class='ocrx_word' id='word_1_153' title='bbox 226 2259 438 2335; x_wconf 85' lang='lat' dir='ltr'>peramanter</span> <span class='ocrx_word' id='word_1_154' title='bbox 457 2255 492 2318; x_wconf 91' lang='lat' dir='ltr'>in</span> <span class='ocrx_word' id='word_1_155' title='bbox 513 2256 653 2320; x_wconf 91' lang='lat' dir='ltr'>Domino</span> <span class='ocrx_word' id='word_1_156' title='bbox 674 2257 894 2338; x_wconf 89' lang='lat' dir='ltr'>impertimus.</span> 
     </span>
    </p>

    <p class='ocr_par' dir='ltr' id='par_1_5' title="bbox 124 2336 1067 2500">
     <span class='ocr_line' id='line_1_26' title="bbox 169 2336 1067 2432; baseline 0.002 -32"><span class='ocrx_word' id='word_1_157' title='bbox 169 2337 293 2400; x_wconf 91' lang='lat' dir='ltr'>Datum</span> <span class='ocrx_word' id='word_1_158' title='bbox 314 2338 426 2400; x_wconf 83' lang='lat' dir='ltr'>Romae</span> <span class='ocrx_word' id='word_1_159' title='bbox 446 2336 534 2432; x_wconf 87' lang='lat' dir='ltr'>apud</span> <span class='ocrx_word' id='word_1_160' title='bbox 556 2337 587 2400; x_wconf 85' lang='lat' dir='ltr'>S.</span> <span class='ocrx_word' id='word_1_161' title='bbox 612 2339 747 2402; x_wconf 88' lang='lat' dir='ltr'>Petrum</span> <span class='ocrx_word' id='word_1_162' title='bbox 762 2338 814 2401; x_wconf 91' lang='lat' dir='ltr'>die</span> <span class='ocrx_word' id='word_1_163' title='bbox 828 2357 899 2402; x_wconf 83' lang='lat' dir='ltr'>xxv</span> <span class='ocrx_word' id='word_1_164' title='bbox 913 2339 1067 2403; x_wconf 89' lang='lat' dir='ltr'>Januarii</span> 
     </span>
     <span class='ocr_line' id='line_1_27' title="bbox 124 2417 982 2500; baseline 0.003 -20"><span class='ocrx_word' id='word_1_165' title='bbox 124 2433 366 2496; x_wconf 66' lang='lat' dir='ltr'>nnooouxxxru</span> <span class='ocrx_word' id='word_1_166' title='bbox 384 2417 600 2482; x_wconf 86' lang='lat' dir='ltr'>Pout1iicatus</span> <span class='ocrx_word' id='word_1_167' title='bbox 620 2417 733 2482; x_wconf 88' lang='lat' dir='ltr'>Nostri</span> <span class='ocrx_word' id='word_1_168' title='bbox 748 2437 836 2483; x_wconf 88' lang='lat' dir='ltr'>anno</span> <span class='ocrx_word' id='word_1_169' title='bbox 851 2421 982 2500; x_wconf 91' lang='lat' dir='ltr'>quarto.</span> 
     </span>
    </p>
   </div>
   <div class='ocr_carea' id='block_1_3' title="bbox 454 2659 742 2723">
    <p class='ocr_par' dir='ltr' id='par_1_6' title="bbox 454 2659 742 2723">
     <span class='ocr_line' id='line_1_28' title="bbox 454 2659 742 2723; baseline 0.01 -3"><span class='ocrx_word' id='word_1_170' title='bbox 454 2659 532 2721; x_wconf 84' lang='lat' dir='ltr'>LEO</span> <span class='ocrx_word' id='word_1_171' title='bbox 558 2660 620 2722; x_wconf 91' lang='grc' dir='ltr'>ΡΡ.</span> <span class='ocrx_word' id='word_1_172' title='bbox 650 2661 742 2723; x_wconf 85' lang='lat' dir='ltr'>XIII.</span> 
     </span>
    </p>
   </div>
   <div class='ocr_carea' id='block_1_4' title="bbox 195 3509 727 3604">
    <p class='ocr_par' dir='ltr' id='par_1_7' title="bbox 195 3509 727 3604">
     <span class='ocr_line' id='line_1_29' title="bbox 195 3509 727 3604; baseline 0.017 -19"><span class='ocrx_word' id='word_1_173' title='bbox 195 3535 282 3600; x_wconf 77' lang='lat' dir='ltr'>Epist.</span> <span class='ocrx_word' id='word_1_174' title='bbox 300 3537 411 3604; x_wconf 74' lang='lat' dir='ltr'>Eooyel.</span> <span class='ocrx_word' id='word_1_175' title='bbox 428 3537 526 3590; x_wconf 79' lang='lat' dir='ltr'>Leonis</span> <span class='ocrx_word' id='word_1_176' title='bbox 543 3539 597 3590; x_wconf 90' lang='grc' dir='ltr'>ΡΡ.</span> <span class='ocrx_word' id='word_1_177' title='bbox 615 3541 695 3593; x_wconf 88' lang='lat' dir='ltr'>XIII</span> <span class='ocrx_word' id='word_1_178' title='bbox 724 3509 727 3512; x_wconf 22' lang='grc' dir='ltr'>Ι</span> 
     </span>
    </p>
   </div>
   <div class='ocr_carea' id='block_1_5' title="bbox 0 0 1294 4180">
    <p class='ocr_par' dir='ltr' id='par_1_8' title="bbox 0 0 1294 4180">
     <span class='ocr_line' id='line_1_30' title="bbox 0 0 1294 4180; baseline 0 0"><span class='ocrx_word' id='word_1_179' title='bbox 0 0 1294 4180; x_wconf 95' lang='lat' dir='ltr'> </span> 
     </span>
    </p>
   </div>
  </div>
 </body>
</html>
