2484 4178
563 281 726 343 „53-

168 389 305 450 ctarum
327 387 486 465 fautores,
504 387 592 469 quod
613 387 803 451 abscondite
818 405 930 452 secum
945 390 1115 468 agitarant

168 467 244 548 diu,
260 474 373 548 aperte
395 468 608 544 denunciant,
624 485 752 530 sacram
774 469 958 532 tollendam
978 471 1114 533 Pontifi-

168 566 253 610 cum
273 551 481 628 potestatem,
496 548 670 629 ipsumque
693 548 805 612 divino
821 548 899 630 jure
919 550 1114 614 institutum

168 627 328 692 funditus
358 628 534 692 delendum
566 628 809 691 Pontificatum.
840 630 945 704 Quam
976 647 1057 707 rem,
1088 633 1115 694 11

170 715 287 772 cetera
308 709 470 784 deessent,
486 709 566 772 satis
587 709 711 772 indicat
725 709 898 772 hominum
919 710 976 790 qui
991 711 1115 774 conscii

169 792 257 852 sunt
285 789 534 868 testimonium,
560 806 702 870 quorum
733 789 882 871 plerique
917 808 994 852 cum
1026 808 1113 871 saepe

167 869 271 949 alias,
287 873 359 932 tum
380 871 504 933 recenti
526 870 687 933 memoria
708 887 825 933 rursus
846 870 908 932 hoc
923 871 1114 934 Massonum

168 967 294 1012 verum
316 967 385 1012 1111
407 950 631 1029 declararunt,
657 951 743 1012 velle
774 968 829 1014 eos
857 951 1002 1013 maxime
1023 968 1116 1014 exer-

167 1047 249 1092 cere
271 1029 471 1094 catholicum
492 1047 612 1093 nomen
634 1031 902 1111 implacabilibus
919 1032 1113 1111 inimicitiis,

167 1126 237 1172 nec
259 1113 334 1172 ante
356 1111 536 1191 quieturos,
560 1128 661 1191 quam
689 1113 798 1173 excisa
819 1111 931 1174 omnia
959 1112 1115 1191 viderint,

168 1207 391 1271 quaecumque
411 1192 531 1254 summi
554 1191 729 1254 Pontifices
744 1191 918 1269 religionis
934 1210 1053 1254 caussa
1067 1192 1116 1254 in·

167 1271 375 1334 stituissent.
393 1307 431 1318 -
453 1270 545 1346 Quod
566 1271 606 1350 si,
622 1272 680 1352 qui
695 1271 929 1334 adscribuntur
949 1273 985 1334 in
999 1289 1116 1334 nume-

165 1369 260 1430 rum,
276 1368 486 1494 nequaquam
507 1351 637 1431 ejurare
658 1352 827 1432 conceptis
839 1352 950 1416 verbis
963 1353 1117 1414 instituta

165 1431 339 1494 catholica
356 1433 394 1510 ju
419 1436 530 1511 entur,
546 1431 579 1493 id
601 1449 681 1494 sane
702 1437 835 1494 tantum
857 1433 963 1510 abest,
981 1437 1019 1494 ut
1039 1450 1116 1494 con-

165 1511 258 1574 siliis
287 1513 478 1574 Massonum
509 1515 697 1593 repugnet,
723 1517 761 1573 ut
792 1513 904 1591 potius
934 1513 1114 1576 adserv'iat.

164 1591 321 1654 Primum
342 1591 430 1653 enim
457 1591 623 1673 simplices
654 1596 688 1654 et
718 1592 871 1654 incautos
901 1592 999 1655 facile
1031 1591 1117 1655 deci-

163 1672 270 1752 piunt
284 1671 346 1734 hac
360 1673 426 1751 via,
441 1673 612 1752 multoque
634 1672 785 1752 pluribus
799 1672 1020 1734 invitamenta
1034 1689 1116 1751 prae·

164 1753 264 1816 bent.
286 1753 369 1813 Tum
391 1770 470 1814 vero
492 1753 597 1815 obviis
619 1752 821 1833 quibuslibet
842 1770 880 1814 111
902 1754 1021 1832 quovis
1041 1753 1117 1814 reli-

164 1832 286 1910 gionis
316 1833 384 1894 ritu
413 1831 625 1911 accipiendis
655 1833 719 1894 hoc
751 1835 985 1912 assequuntur,
1016 1835 1054 1893 111
1082 1850 1116 1895 11

163 1914 247 1993 ipsa
268 1911 432 1974 suadeant
452 1930 615 1990 magnum
640 1913 735 1974 illum
763 1913 864 1993 hujus
885 1912 1043 1992 temporis
1065 1929 1116 1974 er-

161 2009 295 2071 rorem,
322 1991 495 2069 religionis
519 2011 634 2055 curam
656 1994 800 2071 relinqui
822 1999 973 2072 oportere
993 1993 1028 2054 in
1050 2009 1118 2054 me·

167 2073 250 2150 diis,
267 2089 327 2134 nec
350 2073 456 2134 ullum
478 2090 546 2135 esse
567 2073 654 2136 inter
675 2091 802 2152 genera
823 2072 1012 2136 discrimen.
1039 2072 1116 2146 Quae

167 2153 310 2234 quidem
330 2153 417 2215 ratio
438 2159 630 2231 comparata
650 2155 693 2215 ad
715 2154 886 2216 interitum
908 2157 959 2216 est
979 2151 1116 2230 religio-

165 2250 256 2296 num
277 2233 439 2304 omnium,
454 2233 655 2296 nominatim
677 2233 717 2295 ad
739 2233 925 2310 catholioae,
943 2249 1017 2312 quae
1039 2249 1115 2294 cum

165 2331 241 2378 una
262 2330 301 2374 ex
322 2312 477 2377 omnibus
498 2331 577 2375 vera
599 2314 662 2391 sit,
690 2315 857 2394 exaequari
889 2331 966 2376 cum
997 2312 1117 2375 ceteris

164 2397 246 2458 sine
267 2393 392 2473 injuria
412 2410 543 2456 summa
563 2409 630 2455 non
652 2397 771 2474 potest.

212 2473 274 2535 Sed
295 2472 432 2551 longius
454 2475 669 2536 Naturalistae
691 2472 961 2553 progrediuntur.
986 2473 1026 2534 In
1047 2489 1116 2534 ma-

163 2553 274 2617 ximis
298 2553 388 2616 enim
418 2553 518 2615 nebus
549 2558 620 2616 tota
653 2571 764 2616 errare
798 2553 851 2615 via
882 2551 1039 2614 audacter
1065 2553 1115 2613 in-

164 2633 292 2714 gressi,
317 2634 481 2715 praecipiti
514 2651 616 2695 cursu
647 2635 690 2696 ad
720 2637 869 2696 extrema
901 2632 1114 2709 delabuntur,

164 2717 242 2779 sive
263 2714 419 2776 humanae
447 2713 672 2776 imbecillitate
696 2719 848 2789 naturae,
875 2712 946 2774 sive
976 2711 1115 2775 consilio

161 2797 278 2876 justas
310 2793 472 2874 superbire
500 2811 616 2874 poenas
637 2795 816 2874 repetentis
837 2793 908 2856 Dei.
932 2793 985 2854 Ita
1005 2793 1054 2868 fit,
1078 2796 1116 2853 ut

165 2874 240 2938 illis
261 2891 302 2937 ne
324 2893 362 2936 ea
384 2874 515 2954 quidem
536 2878 628 2936 certa
649 2880 682 2937 et
702 2873 769 2936 fixa
789 2876 1019 2955 permaneant,
1042 2889 1116 2952 quae

164 2955 320 3018 naturali
343 2955 470 3017 lumine
491 2955 630 3017 rationis
644 2956 901 3035 perspiciuntur,
917 2953 1028 3034 qualia
1041 2967 1116 3033 pro-

165 3037 258 3099 lecto
279 3036 339 3097 1111
360 3039 451 3113 11111,
476 3035 582 3097 Deum
608 3052 692 3113 esse,
718 3035 849 3098 animos
876 3034 1049 3096 bominum
1073 3032 1114 3093 ab

164 3115 262 3179 omni
294 3132 366 3178 esse
393 3115 540 3178 materiae
572 3117 780 3178 concretione
811 3118 1021 3193 segregatos,
1044 3129 1115 3174 eos·
1214 3144 1216 3148 >

165 3198 311 3276 demque
326 3196 542 3260 immortales,
562 3230 602 3240 -
624 3195 726 3275 Atqui
747 3200 837 3258 secta
859 3195 1051 3256 Massonum
1073 3191 1115 3253 ad

164 3279 232 3342 hos
252 3277 342 3357 ipsos
356 3277 511 3357 scopulos
531 3294 599 3338 non
613 3275 765 3338 dissimili
787 3292 904 3337 cursus
926 3291 1036 3335 errore
1058 3271 1115 3333 ad-

163 3357 335 3421 haerescit.
352 3356 510 3433 Quamvis
524 3356 612 3418 enim
631 3355 737 3419 Deum
753 3373 823 3418 esse
838 3353 1024 3433 generatim
1039 3368 1115 3432 pro-

164 3439 342 3513 fiteantur,
371 3436 404 3499 id
434 3440 548 3498 tamen
579 3453 646 3499 non
678 3435 803 3498 haerere
834 3435 868 3496 in
900 3433 1112 3512 singulorum

163 3516 340 3582 mentibus
363 3516 461 3579 firma
480 3517 671 3580 assensione
688 3515 877 3596 iudicioque
897 3514 1009 3578 stabili
1034 3530 1113 3576 con-
