<?xml version="1.0" encoding="UTF-8"?>
<!DOCTYPE html PUBLIC "-//W3C//DTD XHTML 1.0 Transitional//EN"
    "http://www.w3.org/TR/xhtml1/DTD/xhtml1-transitional.dtd">
<html xmlns="http://www.w3.org/1999/xhtml" xml:lang="en" lang="en">
 <head>
  <title>
</title>
<meta http-equiv="Content-Type" content="text/html;charset=utf-8" />
  <meta name='ocr-system' content='tesseract 3.04.00' />
  <meta name='ocr-capabilities' content='ocr_page ocr_carea ocr_par ocr_line ocrx_word'/>
</head>
<body>
  <div class='ocr_page' id='page_1' title='image "./epistolaeencycl00xiiigoog_0357.png"; bbox 0 0 2554 4182; ppageno 0'>
   <div class='ocr_carea' id='block_1_1' title="bbox 602 251 783 314">
    <p class='ocr_par' dir='ltr' id='par_1_1' title="bbox 602 251 783 314">
     <span class='ocr_line' id='line_1_1' title="bbox 602 251 783 314; baseline -0.006 0"><span class='ocrx_word' id='word_1_1' title='bbox 602 251 783 314; x_wconf 88' lang='lat'>-350-</span> 
     </span>
    </p>
   </div>
   <div class='ocr_carea' id='block_1_2' title="bbox 216 358 1160 845">
    <p class='ocr_par' dir='ltr' id='par_1_2' title="bbox 216 358 1160 845">
     <span class='ocr_line' id='line_1_2' title="bbox 216 358 1158 443; baseline -0.004 -16"><span class='ocrx_word' id='word_1_2' title='bbox 216 361 437 443; x_wconf 79' lang='lat' dir='ltr'>auspiciisque</span> <span class='ocrx_word' id='word_1_3' title='bbox 457 361 569 440; x_wconf 89' lang='lat' dir='ltr'>plures</span> <span class='ocrx_word' id='word_1_4' title='bbox 590 376 631 421; x_wconf 80' lang='lat' dir='ltr'>ex</span> <span class='ocrx_word' id='word_1_5' title='bbox 653 364 794 441; x_wconf 87' lang='lat' dir='ltr'>utroque</span> <span class='ocrx_word' id='word_1_6' title='bbox 815 358 931 422; x_wconf 84' lang='lat' dir='ltr'>ordine</span> <span class='ocrx_word' id='word_1_7' title='bbox 951 359 1057 438; x_wconf 84' lang='lat' dir='ltr'>Oleri,</span> <span class='ocrx_word' id='word_1_8' title='bbox 1083 377 1158 442; x_wconf 85' lang='lat' dir='ltr'>quae</span> 
     </span>
     <span class='ocr_line' id='line_1_3' title="bbox 217 440 1160 520; baseline -0.002 -12"><span class='ocrx_word' id='word_1_9' title='bbox 217 443 259 508; x_wconf 90' lang='lat' dir='ltr'>ad</span> <span class='ocrx_word' id='word_1_10' title='bbox 280 441 499 506; x_wconf 83' lang='lat' dir='ltr'>excolendum</span> <span class='ocrx_word' id='word_1_11' title='bbox 532 440 682 504; x_wconf 90' lang='lat' dir='ltr'>animum</span> <span class='ocrx_word' id='word_1_12' title='bbox 702 441 879 520; x_wconf 85' lang='lat' dir='ltr'>pertinent,</span> <span class='ocrx_word' id='word_1_13' title='bbox 903 440 938 502; x_wconf 94' lang='lat' dir='ltr'>in</span> <span class='ocrx_word' id='word_1_14' title='bbox 960 441 1160 506; x_wconf 88' lang='lat' dir='ltr'>consociatis</span> 
     </span>
     <span class='ocr_line' id='line_1_4' title="bbox 216 518 1159 601; baseline -0.002 -15"><span class='ocrx_word' id='word_1_15' title='bbox 216 523 332 586; x_wconf 88' lang='lat' dir='ltr'>sedulo</span> <span class='ocrx_word' id='word_1_16' title='bbox 352 526 482 585; x_wconf 84' lang='lat' dir='ltr'>curant.</span> <span class='ocrx_word' id='word_1_17' title='bbox 506 521 656 601; x_wconf 87' lang='lat' dir='ltr'>Denique</span> <span class='ocrx_word' id='word_1_18' title='bbox 677 520 839 583; x_wconf 87' lang='lat' dir='ltr'>catholici</span> <span class='ocrx_word' id='word_1_19' title='bbox 863 537 932 583; x_wconf 90' lang='lat' dir='ltr'>non</span> <span class='ocrx_word' id='word_1_20' title='bbox 961 518 1081 584; x_wconf 80' lang='lat' dir='ltr'>desunt</span> <span class='ocrx_word' id='word_1_21' title='bbox 1103 539 1159 585; x_wconf 89' lang='lat' dir='ltr'>co·</span> 
     </span>
     <span class='ocr_line' id='line_1_5' title="bbox 217 600 1160 684; baseline 0 -18"><span class='ocrx_word' id='word_1_22' title='bbox 217 603 317 684; x_wconf 91' lang='lat' dir='ltr'>piosis</span> <span class='ocrx_word' id='word_1_23' title='bbox 337 602 473 681; x_wconf 79' lang='lat' dir='ltr'>divitiis,</span> <span class='ocrx_word' id='word_1_24' title='bbox 495 600 551 664; x_wconf 89' lang='lat' dir='ltr'>sed</span> <span class='ocrx_word' id='word_1_25' title='bbox 574 601 851 665; x_wconf 77' lang='lat' dir='ltr'>mercenariorum</span> <span class='ocrx_word' id='word_1_26' title='bbox 872 600 969 662; x_wconf 83' lang='lat' dir='ltr'>velut</span> <span class='ocrx_word' id='word_1_27' title='bbox 988 605 1160 666; x_wconf 82' lang='lat' dir='ltr'>consortes</span> 
     </span>
     <span class='ocr_line' id='line_1_6' title="bbox 218 679 1159 763; baseline 0.002 -20"><span class='ocrx_word' id='word_1_28' title='bbox 218 682 409 760; x_wconf 89' lang='lat' dir='ltr'>voluntarii,</span> <span class='ocrx_word' id='word_1_29' title='bbox 427 681 484 763; x_wconf 93' lang='lat' dir='ltr'>qui</span> <span class='ocrx_word' id='word_1_30' title='bbox 504 681 705 746; x_wconf 87' lang='lat' dir='ltr'>constituere</span> <span class='ocrx_word' id='word_1_31' title='bbox 727 680 859 760; x_wconf 88' lang='lat' dir='ltr'>lateque</span> <span class='ocrx_word' id='word_1_32' title='bbox 880 679 1017 744; x_wconf 85' lang='lat' dir='ltr'>fundere</span> <span class='ocrx_word' id='word_1_33' title='bbox 1038 682 1159 760; x_wconf 83' lang='lat' dir='ltr'>grandi</span> 
     </span>
     <span class='ocr_line' id='line_1_7' title="bbox 218 760 1160 845; baseline -0.003 -18"><span class='ocrx_word' id='word_1_34' title='bbox 218 763 362 845; x_wconf 87' lang='lat' dir='ltr'>pecunia</span> <span class='ocrx_word' id='word_1_35' title='bbox 393 763 655 825; x_wconf 87' lang='lat' dir='ltr'>consociationes</span> <span class='ocrx_word' id='word_1_36' title='bbox 685 760 899 825; x_wconf 88' lang='lat' dir='ltr'>adnitantur:</span> <span class='ocrx_word' id='word_1_37' title='bbox 924 761 1044 842; x_wconf 90' lang='lat' dir='ltr'>quibus</span> <span class='ocrx_word' id='word_1_38' title='bbox 1065 761 1160 842; x_wconf 87' lang='lat' dir='ltr'>adju-</span> 
     </span>
    </p>
   </div>
   <div class='ocr_carea' id='block_1_3' title="bbox 214 840 1160 2610">
    <p class='ocr_par' dir='ltr' id='par_1_3' title="bbox 215 840 1160 1886">
     <span class='ocr_line' id='line_1_8' title="bbox 218 840 1160 935; baseline 0.001 -31"><span class='ocrx_word' id='word_1_39' title='bbox 218 843 374 908; x_wconf 81' lang='lat' dir='ltr'>vantibus</span> <span class='ocrx_word' id='word_1_40' title='bbox 395 842 493 907; x_wconf 87' lang='lat' dir='ltr'>iacile</span> <span class='ocrx_word' id='word_1_41' title='bbox 514 841 624 935; x_wconf 87' lang='lat' dir='ltr'>opifici</span> <span class='ocrx_word' id='word_1_42' title='bbox 646 843 743 906; x_wconf 89' lang='lat' dir='ltr'>liceat</span> <span class='ocrx_word' id='word_1_43' title='bbox 769 859 837 905; x_wconf 91' lang='lat' dir='ltr'>non</span> <span class='ocrx_word' id='word_1_44' title='bbox 858 840 956 906; x_wconf 91' lang='lat' dir='ltr'>modo</span> <span class='ocrx_word' id='word_1_45' title='bbox 984 841 1160 906; x_wconf 90' lang='lat' dir='ltr'>commoda</span> 
     </span>
     <span class='ocr_line' id='line_1_9' title="bbox 218 921 1158 1006; baseline -0.003 -19"><span class='ocrx_word' id='word_1_46' title='bbox 218 925 404 1006; x_wconf 75' lang='lat' dir='ltr'>prasentia,</span> <span class='ocrx_word' id='word_1_47' title='bbox 425 923 481 986; x_wconf 87' lang='lat' dir='ltr'>sed</span> <span class='ocrx_word' id='word_1_48' title='bbox 502 931 603 985; x_wconf 79' lang='lat' dir='ltr'>etiam</span> <span class='ocrx_word' id='word_1_49' title='bbox 623 923 770 986; x_wconf 70' lang='lat' dir='ltr'>honestae</span> <span class='ocrx_word' id='word_1_50' title='bbox 791 922 912 1002; x_wconf 89' lang='lat' dir='ltr'>quietis</span> <span class='ocrx_word' id='word_1_51' title='bbox 933 921 1054 985; x_wconf 84' lang='lat' dir='ltr'>futurae</span> <span class='ocrx_word' id='word_1_52' title='bbox 1074 921 1158 986; x_wconf 90' lang='lat' dir='ltr'>fidu·</span> 
     </span>
     <span class='ocr_line' id='line_1_10' title="bbox 217 1002 1158 1084; baseline -0.001 -17"><span class='ocrx_word' id='word_1_53' title='bbox 217 1005 301 1067; x_wconf 91' lang='lat' dir='ltr'>ciam</span> <span class='ocrx_word' id='word_1_54' title='bbox 324 1004 387 1067; x_wconf 90' lang='lat' dir='ltr'>sibi</span> <span class='ocrx_word' id='word_1_55' title='bbox 409 1003 520 1067; x_wconf 91' lang='lat' dir='ltr'>labore</span> <span class='ocrx_word' id='word_1_56' title='bbox 541 1019 697 1083; x_wconf 84' lang='lat' dir='ltr'>quaerere.</span> <span class='ocrx_word' id='word_1_57' title='bbox 720 1002 800 1064; x_wconf 85' lang='lat' dir='ltr'>Tam</span> <span class='ocrx_word' id='word_1_58' title='bbox 821 1003 997 1082; x_wconf 85' lang='lat' dir='ltr'>multiplex</span> <span class='ocrx_word' id='word_1_59' title='bbox 1022 1009 1158 1084; x_wconf 88' lang='lat' dir='ltr'>tamque</span> 
     </span>
     <span class='ocr_line' id='line_1_11' title="bbox 219 1083 1159 1164; baseline -0.002 -16"><span class='ocrx_word' id='word_1_60' title='bbox 219 1085 337 1150; x_wconf 87' lang='lat' dir='ltr'>alacris</span> <span class='ocrx_word' id='word_1_61' title='bbox 357 1083 520 1147; x_wconf 89' lang='lat' dir='ltr'>industria</span> <span class='ocrx_word' id='word_1_62' title='bbox 542 1087 704 1164; x_wconf 87' lang='lat' dir='ltr'>quantum</span> <span class='ocrx_word' id='word_1_63' title='bbox 726 1083 875 1145; x_wconf 87' lang='lat' dir='ltr'>attulerit</span> <span class='ocrx_word' id='word_1_64' title='bbox 897 1083 995 1146; x_wconf 90' lang='lat' dir='ltr'>rebus</span> <span class='ocrx_word' id='word_1_65' title='bbox 1009 1101 1159 1154; x_wconf 86' lang='lat' dir='ltr'>commu-</span> 
     </span>
     <span class='ocr_line' id='line_1_12' title="bbox 218 1164 1158 1244; baseline -0.002 -16"><span class='ocrx_word' id='word_1_66' title='bbox 218 1165 316 1230; x_wconf 88' lang='lat' dir='ltr'>nibus</span> <span class='ocrx_word' id='word_1_67' title='bbox 336 1164 414 1228; x_wconf 89' lang='lat' dir='ltr'>boni</span> <span class='ocrx_word' id='word_1_68' title='bbox 436 1164 511 1244; x_wconf 92' lang='lat' dir='ltr'>plus</span> <span class='ocrx_word' id='word_1_69' title='bbox 532 1168 584 1226; x_wconf 89' lang='lat' dir='ltr'>est</span> <span class='ocrx_word' id='word_1_70' title='bbox 605 1164 790 1243; x_wconf 83' lang='lat' dir='ltr'>cognitum,</span> <span class='ocrx_word' id='word_1_71' title='bbox 817 1180 916 1244; x_wconf 84' lang='lat' dir='ltr'>quarn</span> <span class='ocrx_word' id='word_1_72' title='bbox 950 1167 986 1227; x_wconf 87' lang='lat' dir='ltr'>ut</span> <span class='ocrx_word' id='word_1_73' title='bbox 1015 1164 1158 1228; x_wconf 89' lang='lat' dir='ltr'>attineat</span> 
     </span>
     <span class='ocr_line' id='line_1_13' title="bbox 219 1243 1158 1325; baseline 0.001 -18"><span class='ocrx_word' id='word_1_74' title='bbox 219 1245 336 1309; x_wconf 89' lang='lat' dir='ltr'>dicere.</span> <span class='ocrx_word' id='word_1_75' title='bbox 360 1245 447 1306; x_wconf 88' lang='lat' dir='ltr'>Hinc</span> <span class='ocrx_word' id='word_1_76' title='bbox 474 1243 544 1324; x_wconf 90' lang='lat' dir='ltr'>jam</span> <span class='ocrx_word' id='word_1_77' title='bbox 576 1243 659 1307; x_wconf 90' lang='lat' dir='ltr'>bene</span> <span class='ocrx_word' id='word_1_78' title='bbox 690 1243 729 1306; x_wconf 94' lang='lat' dir='ltr'>de</span> <span class='ocrx_word' id='word_1_79' title='bbox 754 1243 879 1324; x_wconf 88' lang='lat' dir='ltr'>reliquo</span> <span class='ocrx_word' id='word_1_80' title='bbox 911 1250 1058 1323; x_wconf 89' lang='lat' dir='ltr'>tempore</span> <span class='ocrx_word' id='word_1_81' title='bbox 1082 1261 1158 1325; x_wconf 89' lang='lat' dir='ltr'>spe-</span> 
     </span>
     <span class='ocr_line' id='line_1_14' title="bbox 218 1323 1158 1404; baseline 0 -16"><span class='ocrx_word' id='word_1_82' title='bbox 218 1325 313 1388; x_wconf 90' lang='lat' dir='ltr'>randi</span> <span class='ocrx_word' id='word_1_83' title='bbox 334 1324 483 1404; x_wconf 76' lang='lat' dir='ltr'>auspicia</span> <span class='ocrx_word' id='word_1_84' title='bbox 509 1325 684 1404; x_wconf 89' lang='lat' dir='ltr'>sumimus,</span> <span class='ocrx_word' id='word_1_85' title='bbox 707 1323 805 1388; x_wconf 91' lang='lat' dir='ltr'>modo</span> <span class='ocrx_word' id='word_1_86' title='bbox 834 1325 1011 1387; x_wconf 82' lang='lat' dir='ltr'>societates</span> <span class='ocrx_word' id='word_1_87' title='bbox 1041 1325 1158 1388; x_wconf 89' lang='lat' dir='ltr'>istius-</span> 
     </span>
     <span class='ocr_line' id='line_1_15' title="bbox 215 1403 1158 1485; baseline -0.001 -16"><span class='ocrx_word' id='word_1_88' title='bbox 215 1404 304 1469; x_wconf 85' lang='lat' dir='ltr'>modi</span> <span class='ocrx_word' id='word_1_89' title='bbox 326 1407 516 1467; x_wconf 81' lang='lat' dir='ltr'>constanter</span> <span class='ocrx_word' id='word_1_90' title='bbox 536 1404 742 1467; x_wconf 89' lang='lat' dir='ltr'>incrementa</span> <span class='ocrx_word' id='word_1_91' title='bbox 763 1403 910 1483; x_wconf 88' lang='lat' dir='ltr'>capiant,</span> <span class='ocrx_word' id='word_1_92' title='bbox 932 1423 972 1468; x_wconf 91' lang='lat' dir='ltr'>ac</span> <span class='ocrx_word' id='word_1_93' title='bbox 1000 1403 1158 1485; x_wconf 88' lang='lat' dir='ltr'>prudenti</span> 
     </span>
     <span class='ocr_line' id='line_1_16' title="bbox 217 1485 1157 1567; baseline 0.001 -19"><span class='ocrx_word' id='word_1_94' title='bbox 217 1485 455 1567; x_wconf 84' lang='lat' dir='ltr'>temperatione</span> <span class='ocrx_word' id='word_1_95' title='bbox 485 1485 742 1547; x_wconf 87' lang='lat' dir='ltr'>constituantur.</span> <span class='ocrx_word' id='word_1_96' title='bbox 776 1486 915 1547; x_wconf 80' lang='lat' dir='ltr'>Tutatur</span> <span class='ocrx_word' id='word_1_97' title='bbox 949 1485 1010 1549; x_wconf 91' lang='lat' dir='ltr'>hos</span> <span class='ocrx_word' id='word_1_98' title='bbox 1039 1503 1157 1566; x_wconf 92' lang='lat' dir='ltr'>respu-</span> 
     </span>
     <span class='ocr_line' id='line_1_17' title="bbox 216 1564 1158 1644; baseline 0 -14"><span class='ocrx_word' id='word_1_99' title='bbox 216 1565 304 1630; x_wconf 88' lang='lat' dir='ltr'>blica</span> <span class='ocrx_word' id='word_1_100' title='bbox 325 1566 448 1628; x_wconf 90' lang='lat' dir='ltr'>civium</span> <span class='ocrx_word' id='word_1_101' title='bbox 469 1568 575 1628; x_wconf 90' lang='lat' dir='ltr'>coetus</span> <span class='ocrx_word' id='word_1_102' title='bbox 590 1564 666 1644; x_wconf 86' lang='lat' dir='ltr'>jure</span> <span class='ocrx_word' id='word_1_103' title='bbox 688 1564 841 1628; x_wconf 89' lang='lat' dir='ltr'>sociatos:</span> <span class='ocrx_word' id='word_1_104' title='bbox 859 1581 899 1626; x_wconf 92' lang='lat' dir='ltr'>ne</span> <span class='ocrx_word' id='word_1_105' title='bbox 914 1565 1027 1628; x_wconf 89' lang='lat' dir='ltr'>trudat</span> <span class='ocrx_word' id='word_1_106' title='bbox 1043 1568 1158 1630; x_wconf 85' lang='lat' dir='ltr'>tamen</span> 
     </span>
     <span class='ocr_line' id='line_1_18' title="bbox 217 1644 1155 1726; baseline 0.003 -18"><span class='ocrx_word' id='word_1_107' title='bbox 217 1663 288 1709; x_wconf 90' lang='lat' dir='ltr'>sese</span> <span class='ocrx_word' id='word_1_108' title='bbox 302 1647 339 1710; x_wconf 91' lang='lat' dir='ltr'>in</span> <span class='ocrx_word' id='word_1_109' title='bbox 354 1664 467 1710; x_wconf 92' lang='lat' dir='ltr'>eorum</span> <span class='ocrx_word' id='word_1_110' title='bbox 486 1645 640 1708; x_wconf 90' lang='lat' dir='ltr'>intimam</span> <span class='ocrx_word' id='word_1_111' title='bbox 656 1646 819 1708; x_wconf 84' lang='lat' dir='ltr'>rationem</span> <span class='ocrx_word' id='word_1_112' title='bbox 833 1644 1048 1726; x_wconf 85' lang='lat' dir='ltr'>ordinemque</span> <span class='ocrx_word' id='word_1_113' title='bbox 1063 1646 1155 1712; x_wconf 84' lang='lat' dir='ltr'>vitae:</span> 
     </span>
     <span class='ocr_line' id='line_1_19' title="bbox 217 1725 1157 1808; baseline 0.002 -20"><span class='ocrx_word' id='word_1_114' title='bbox 217 1728 329 1790; x_wconf 89' lang='lat' dir='ltr'>vitalis</span> <span class='ocrx_word' id='word_1_115' title='bbox 350 1728 438 1790; x_wconf 91' lang='lat' dir='ltr'>enim</span> <span class='ocrx_word' id='word_1_116' title='bbox 459 1729 571 1788; x_wconf 91' lang='lat' dir='ltr'>motus</span> <span class='ocrx_word' id='word_1_117' title='bbox 592 1725 697 1788; x_wconf 90' lang='lat' dir='ltr'>cietur</span> <span class='ocrx_word' id='word_1_118' title='bbox 724 1725 765 1788; x_wconf 90' lang='lat' dir='ltr'>ab</span> <span class='ocrx_word' id='word_1_119' title='bbox 793 1726 949 1789; x_wconf 81' lang='lat' dir='ltr'>interiore</span> <span class='ocrx_word' id='word_1_120' title='bbox 979 1725 1157 1808; x_wconf 90' lang='lat' dir='ltr'>principio,</span> 
     </span>
     <span class='ocr_line' id='line_1_20' title="bbox 217 1805 980 1886; baseline -0.003 -16"><span class='ocrx_word' id='word_1_121' title='bbox 217 1825 256 1870; x_wconf 90' lang='lat' dir='ltr'>ae</span> <span class='ocrx_word' id='word_1_122' title='bbox 277 1807 435 1870; x_wconf 87' lang='lat' dir='ltr'>facillime</span> <span class='ocrx_word' id='word_1_123' title='bbox 457 1815 537 1868; x_wconf 87' lang='lat' dir='ltr'>sane</span> <span class='ocrx_word' id='word_1_124' title='bbox 559 1806 659 1886; x_wconf 92' lang='lat' dir='ltr'>pulsu</span> <span class='ocrx_word' id='word_1_125' title='bbox 679 1805 812 1868; x_wconf 89' lang='lat' dir='ltr'>eliditur</span> <span class='ocrx_word' id='word_1_126' title='bbox 832 1811 980 1868; x_wconf 86' lang='lat' dir='ltr'>externo.</span> 
     </span>
    </p>

    <p class='ocr_par' dir='ltr' id='par_1_4' title="bbox 214 1885 1158 2610">
     <span class='ocr_line' id='line_1_21' title="bbox 258 1885 1158 1968; baseline 0.001 -19"><span class='ocrx_word' id='word_1_127' title='bbox 258 1889 315 1950; x_wconf 77' lang='lat' dir='ltr'>list</span> <span class='ocrx_word' id='word_1_128' title='bbox 346 1887 493 1968; x_wconf 88' lang='lat' dir='ltr'>profecto</span> <span class='ocrx_word' id='word_1_129' title='bbox 520 1887 716 1966; x_wconf 87' lang='lat' dir='ltr'>temperatio</span> <span class='ocrx_word' id='word_1_130' title='bbox 747 1905 786 1949; x_wconf 91' lang='lat' dir='ltr'>ac</span> <span class='ocrx_word' id='word_1_131' title='bbox 814 1885 989 1968; x_wconf 90' lang='lat' dir='ltr'>disciplina</span> <span class='ocrx_word' id='word_1_132' title='bbox 1009 1885 1158 1968; x_wconf 88' lang='lat' dir='ltr'>prudens</span> 
     </span>
     <span class='ocr_line' id='line_1_22' title="bbox 217 1966 1157 2044; baseline 0.002 -14"><span class='ocrx_word' id='word_1_133' title='bbox 217 1968 260 2030; x_wconf 90' lang='lat' dir='ltr'>ad</span> <span class='ocrx_word' id='word_1_134' title='bbox 280 1985 353 2030; x_wconf 85' lang='lat' dir='ltr'>eam</span> <span class='ocrx_word' id='word_1_135' title='bbox 378 1984 447 2030; x_wconf 90' lang='lat' dir='ltr'>rem</span> <span class='ocrx_word' id='word_1_136' title='bbox 466 1966 654 2030; x_wconf 88' lang='lat' dir='ltr'>necessaria</span> <span class='ocrx_word' id='word_1_137' title='bbox 684 1968 722 2028; x_wconf 91' lang='lat' dir='ltr'>ut</span> <span class='ocrx_word' id='word_1_138' title='bbox 750 1983 929 2030; x_wconf 90' lang='lat' dir='ltr'>consensus</span> <span class='ocrx_word' id='word_1_139' title='bbox 960 1966 994 2028; x_wconf 93' lang='lat' dir='ltr'>in</span> <span class='ocrx_word' id='word_1_140' title='bbox 1023 1968 1157 2044; x_wconf 85' lang='lat' dir='ltr'>agendo</span> 
     </span>
     <span class='ocr_line' id='line_1_23' title="bbox 216 2046 1157 2129; baseline -0.001 -19"><span class='ocrx_word' id='word_1_141' title='bbox 216 2047 277 2111; x_wconf 87' lang='lat' dir='ltr'>fiat</span> <span class='ocrx_word' id='word_1_142' title='bbox 296 2048 561 2129; x_wconf 87' lang='lat' dir='ltr'>conspiratioque</span> <span class='ocrx_word' id='word_1_143' title='bbox 582 2048 804 2110; x_wconf 90' lang='lat' dir='ltr'>voluntatum.</span> <span class='ocrx_word' id='word_1_144' title='bbox 830 2046 968 2110; x_wconf 87' lang='lat' dir='ltr'>Proinde</span> <span class='ocrx_word' id='word_1_145' title='bbox 996 2047 1025 2109; x_wconf 88' lang='lat' dir='ltr'>si</span> <span class='ocrx_word' id='word_1_146' title='bbox 1050 2047 1157 2111; x_wconf 91' lang='lat' dir='ltr'>libera</span> 
     </span>
     <span class='ocr_line' id='line_1_24' title="bbox 216 2126 1156 2209; baseline 0.001 -19"><span class='ocrx_word' id='word_1_147' title='bbox 216 2128 346 2190; x_wconf 90' lang='lat' dir='ltr'>civibus</span> <span class='ocrx_word' id='word_1_148' title='bbox 368 2127 507 2191; x_wconf 90' lang='lat' dir='ltr'>coeundi</span> <span class='ocrx_word' id='word_1_149' title='bbox 529 2127 670 2190; x_wconf 81' lang='lat' dir='ltr'>facultas</span> <span class='ocrx_word' id='word_1_150' title='bbox 692 2130 753 2204; x_wconf 89' lang='lat' dir='ltr'>est,</span> <span class='ocrx_word' id='word_1_151' title='bbox 776 2133 815 2188; x_wconf 87' lang='lat' dir='ltr'>ut</span> <span class='ocrx_word' id='word_1_152' title='bbox 837 2126 985 2207; x_wconf 85' lang='lat' dir='ltr'>profecto</span> <span class='ocrx_word' id='word_1_153' title='bbox 1006 2131 1075 2204; x_wconf 92' lang='lat' dir='ltr'>est,</span> <span class='ocrx_word' id='word_1_154' title='bbox 1098 2128 1156 2209; x_wconf 89' lang='lat' dir='ltr'>jus</span> 
     </span>
     <span class='ocr_line' id='line_1_25' title="bbox 217 2207 1156 2290; baseline 0.002 -21"><span class='ocrx_word' id='word_1_155' title='bbox 217 2224 348 2288; x_wconf 90' lang='lat' dir='ltr'>quoque</span> <span class='ocrx_word' id='word_1_156' title='bbox 368 2225 439 2271; x_wconf 88' lang='lat' dir='ltr'>esse</span> <span class='ocrx_word' id='word_1_157' title='bbox 461 2212 591 2287; x_wconf 88' lang='lat' dir='ltr'>oportet</span> <span class='ocrx_word' id='word_1_158' title='bbox 611 2225 685 2270; x_wconf 93' lang='lat' dir='ltr'>eam</span> <span class='ocrx_word' id='word_1_159' title='bbox 706 2208 805 2271; x_wconf 91' lang='lat' dir='ltr'>libere</span> <span class='ocrx_word' id='word_1_160' title='bbox 819 2214 933 2290; x_wconf 86' lang='lat' dir='ltr'>optare</span> <span class='ocrx_word' id='word_1_161' title='bbox 948 2207 1156 2288; x_wconf 85' lang='lat' dir='ltr'>disciplinam</span> 
     </span>
     <span class='ocr_line' id='line_1_26' title="bbox 215 2287 1155 2369; baseline 0 -18"><span class='ocrx_word' id='word_1_162' title='bbox 215 2304 336 2368; x_wconf 91' lang='lat' dir='ltr'>easque</span> <span class='ocrx_word' id='word_1_163' title='bbox 358 2287 461 2367; x_wconf 70' lang='lat' dir='ltr'>leges</span> <span class='ocrx_word' id='word_1_164' title='bbox 484 2305 558 2369; x_wconf 84' lang='lat' dir='ltr'>quae</span> <span class='ocrx_word' id='word_1_165' title='bbox 578 2288 722 2350; x_wconf 83' lang='lat' dir='ltr'>maxime</span> <span class='ocrx_word' id='word_1_166' title='bbox 745 2288 929 2351; x_wconf 88' lang='lat' dir='ltr'>conducere</span> <span class='ocrx_word' id='word_1_167' title='bbox 942 2287 984 2352; x_wconf 90' lang='lat' dir='ltr'>ad</span> <span class='ocrx_word' id='word_1_168' title='bbox 998 2287 1043 2366; x_wconf 92' lang='lat' dir='ltr'>id,</span> <span class='ocrx_word' id='word_1_169' title='bbox 1066 2289 1155 2369; x_wconf 92' lang='lat' dir='ltr'>quod</span> 
     </span>
     <span class='ocr_line' id='line_1_27' title="bbox 215 2367 1155 2449; baseline 0 -19"><span class='ocrx_word' id='word_1_170' title='bbox 215 2367 421 2449; x_wconf 91' lang='lat' dir='ltr'>propositum</span> <span class='ocrx_word' id='word_1_171' title='bbox 443 2372 503 2446; x_wconf 92' lang='lat' dir='ltr'>est,</span> <span class='ocrx_word' id='word_1_172' title='bbox 523 2367 725 2448; x_wconf 72' lang='lat' dir='ltr'>iudicentur.</span> <span class='ocrx_word' id='word_1_173' title='bbox 750 2369 842 2447; x_wconf 80' lang='lat' dir='ltr'>llam,</span> <span class='ocrx_word' id='word_1_174' title='bbox 889 2385 940 2431; x_wconf 86' lang='lat' dir='ltr'>uae</span> <span class='ocrx_word' id='word_1_175' title='bbox 968 2372 1155 2432; x_wconf 87' lang='lat' dir='ltr'>memorata</span> 
     </span>
     <span class='ocr_line' id='line_1_28' title="bbox 216 2385 1156 2530; baseline 0 -18"><span class='ocrx_word' id='word_1_176' title='bbox 216 2452 266 2512; x_wconf 89' lang='lat' dir='ltr'>est</span> <span class='ocrx_word' id='word_1_177' title='bbox 275 2447 548 2529; x_wconf 89' lang='lat' dir='ltr'>temperationem</span> <span class='ocrx_word' id='word_1_178' title='bbox 559 2447 831 2529; x_wconf 89' lang='lat' dir='ltr'>disciplinamque</span> <span class='ocrx_word' id='word_1_179' title='bbox 843 2385 1063 2529; x_wconf 53' lang='lat' dir='ltr'>crffilegiorum</span> <span class='ocrx_word' id='word_1_180' title='bbox 1074 2466 1156 2530; x_wconf 91' lang='lat' dir='ltr'>qua-</span> 
     </span>
     <span class='ocr_line' id='line_1_29' title="bbox 214 2528 1155 2610; baseline 0.001 -19"><span class='ocrx_word' id='word_1_181' title='bbox 214 2529 279 2592; x_wconf 90' lang='lat' dir='ltr'>lem</span> <span class='ocrx_word' id='word_1_182' title='bbox 300 2547 370 2592; x_wconf 90' lang='lat' dir='ltr'>esse</span> <span class='ocrx_word' id='word_1_183' title='bbox 397 2529 605 2610; x_wconf 86' lang='lat' dir='ltr'>inpartibus</span> <span class='ocrx_word' id='word_1_184' title='bbox 636 2531 704 2591; x_wconf 91' lang='lat' dir='ltr'>suis</span> <span class='ocrx_word' id='word_1_185' title='bbox 736 2528 880 2607; x_wconf 83' lang='lat' dir='ltr'>singulis</span> <span class='ocrx_word' id='word_1_186' title='bbox 911 2533 1074 2609; x_wconf 88' lang='lat' dir='ltr'>oporteat,</span> <span class='ocrx_word' id='word_1_187' title='bbox 1098 2529 1155 2592; x_wconf 91' lang='lat' dir='ltr'>de-</span> 
     </span>
    </p>
   </div>
   <div class='ocr_carea' id='block_1_4' title="bbox 126 2608 1153 2689">
    <p class='ocr_par' dir='ltr' id='par_1_5' title="bbox 126 2608 1153 2689">
     <span class='ocr_line' id='line_1_30' title="bbox 126 2608 1153 2689; baseline 0.002 -18"><span class='ocrx_word' id='word_1_188' title='bbox 126 2634 128 2638; x_wconf 64' lang='grc'><strong>’</strong></span> <span class='ocrx_word' id='word_1_189' title='bbox 214 2611 304 2672; x_wconf 89' lang='lat' dir='ltr'>cerni</span> <span class='ocrx_word' id='word_1_190' title='bbox 338 2611 437 2674; x_wconf 90' lang='lat' dir='ltr'>certis</span> <span class='ocrx_word' id='word_1_191' title='bbox 470 2608 681 2689; x_wconf 85' lang='lat' dir='ltr'>definitisque</span> <span class='ocrx_word' id='word_1_192' title='bbox 715 2609 843 2687; x_wconf 81' lang='lat' dir='ltr'>regulis</span> <span class='ocrx_word' id='word_1_193' title='bbox 878 2627 954 2688; x_wconf 70' lang='lat' dir='ltr'>non¹</span> <span class='ocrx_word' id='word_1_194' title='bbox 976 2627 1153 2673; x_wconf 88' lang='lat' dir='ltr'>censemus</span> 
     </span>
    </p>
   </div>
   <div class='ocr_carea' id='block_1_5' title="bbox 209 2689 1155 3571">
    <p class='ocr_par' dir='ltr' id='par_1_6' title="bbox 209 2689 1155 3571">
     <span class='ocr_line' id='line_1_31' title="bbox 213 2689 1155 2772; baseline 0 -19"><span class='ocrx_word' id='word_1_195' title='bbox 213 2707 321 2772; x_wconf 86' lang='lat' dir='ltr'>posse,</span> <span class='ocrx_word' id='word_1_196' title='bbox 342 2707 419 2753; x_wconf 91' lang='lat' dir='ltr'>cum</span> <span class='ocrx_word' id='word_1_197' title='bbox 443 2689 477 2751; x_wconf 92' lang='lat' dir='ltr'>id</span> <span class='ocrx_word' id='word_1_198' title='bbox 498 2689 609 2769; x_wconf 90' lang='lat' dir='ltr'>potius</span> <span class='ocrx_word' id='word_1_199' title='bbox 630 2690 843 2752; x_wconf 89' lang='lat' dir='ltr'>statuendum</span> <span class='ocrx_word' id='word_1_200' title='bbox 867 2689 912 2751; x_wconf 91' lang='lat' dir='ltr'>sit</span> <span class='ocrx_word' id='word_1_201' title='bbox 943 2707 983 2752; x_wconf 82' lang='lat' dir='ltr'>ex</span> <span class='ocrx_word' id='word_1_202' title='bbox 1013 2689 1155 2768; x_wconf 83' lang='lat' dir='ltr'>ingenio</span> 
     </span>
     <span class='ocr_line' id='line_1_32' title="bbox 214 2769 1153 2862; baseline 0 -29"><span class='ocrx_word' id='word_1_203' title='bbox 214 2771 373 2850; x_wconf 86' lang='lat' dir='ltr'>cujusque</span> <span class='ocrx_word' id='word_1_204' title='bbox 394 2769 516 2849; x_wconf 82' lang='lat' dir='ltr'>gentis,</span> <span class='ocrx_word' id='word_1_205' title='bbox 540 2787 581 2832; x_wconf 83' lang='lat' dir='ltr'>ex</span> <span class='ocrx_word' id='word_1_206' title='bbox 602 2769 846 2862; x_wconf 88' lang='lat' dir='ltr'>periclitatione</span> <span class='ocrx_word' id='word_1_207' title='bbox 871 2774 904 2833; x_wconf 90' lang='lat' dir='ltr'>et</span> <span class='ocrx_word' id='word_1_208' title='bbox 932 2789 1005 2849; x_wconf 92' lang='lat' dir='ltr'>usu,</span> <span class='ocrx_word' id='word_1_209' title='bbox 1030 2787 1071 2832; x_wconf 88' lang='lat' dir='ltr'>ex</span> <span class='ocrx_word' id='word_1_210' title='bbox 1092 2787 1153 2848; x_wconf 85' lang='lat' dir='ltr'>ge·</span> 
     </span>
     <span class='ocr_line' id='line_1_33' title="bbox 213 2850 1154 2931; baseline 0 -18"><span class='ocrx_word' id='word_1_211' title='bbox 213 2868 292 2914; x_wconf 90' lang='lat' dir='ltr'>nere</span> <span class='ocrx_word' id='word_1_212' title='bbox 327 2854 426 2929; x_wconf 89' lang='lat' dir='ltr'>atque</span> <span class='ocrx_word' id='word_1_213' title='bbox 462 2850 641 2914; x_wconf 79' lang='lat' dir='ltr'>efficientia</span> <span class='ocrx_word' id='word_1_214' title='bbox 670 2868 826 2931; x_wconf 87' lang='lat' dir='ltr'>operum,</span> <span class='ocrx_word' id='word_1_215' title='bbox 861 2869 902 2914; x_wconf 85' lang='lat' dir='ltr'>ex</span> <span class='ocrx_word' id='word_1_216' title='bbox 933 2850 1154 2931; x_wconf 90' lang='lat' dir='ltr'>amplitudine</span> 
     </span>
     <span class='ocr_line' id='line_1_34' title="bbox 213 2929 1153 3011; baseline 0 -18"><span class='ocrx_word' id='word_1_217' title='bbox 213 2930 508 3009; x_wconf 87' lang='lat' dir='ltr'>commerciorum,</span> <span class='ocrx_word' id='word_1_218' title='bbox 531 2929 671 3011; x_wconf 89' lang='lat' dir='ltr'>aliisque</span> <span class='ocrx_word' id='word_1_219' title='bbox 692 2947 804 2994; x_wconf 89' lang='lat' dir='ltr'>rerum</span> <span class='ocrx_word' id='word_1_220' title='bbox 826 2949 865 2994; x_wconf 89' lang='lat' dir='ltr'>ac</span> <span class='ocrx_word' id='word_1_221' title='bbox 886 2933 1072 3011; x_wconf 89' lang='lat' dir='ltr'>temporum</span> <span class='ocrx_word' id='word_1_222' title='bbox 1096 2931 1153 2993; x_wconf 87' lang='lat' dir='ltr'>ad-</span> 
     </span>
     <span class='ocr_line' id='line_1_35' title="bbox 209 3009 1152 3093; baseline 0.002 -20"><span class='ocrx_word' id='word_1_223' title='bbox 209 3010 345 3090; x_wconf 88' lang='lat' dir='ltr'>junctis,</span> <span class='ocrx_word' id='word_1_224' title='bbox 362 3027 435 3091; x_wconf 78' lang='lat' dir='ltr'>quae</span> <span class='ocrx_word' id='word_1_225' title='bbox 457 3012 536 3072; x_wconf 87' lang='lat' dir='ltr'>sunt</span> <span class='ocrx_word' id='word_1_226' title='bbox 557 3010 737 3090; x_wconf 90' lang='lat' dir='ltr'>prudenter</span> <span class='ocrx_word' id='word_1_227' title='bbox 757 3010 981 3093; x_wconf 90' lang='lat' dir='ltr'>ponderanda.</span> <span class='ocrx_word' id='word_1_228' title='bbox 997 3009 1049 3072; x_wconf 83' lang='lat' dir='ltr'>Ad</span> <span class='ocrx_word' id='word_1_229' title='bbox 1062 3029 1152 3074; x_wconf 88' lang='lat' dir='ltr'>sum·</span> 
     </span>
     <span class='ocr_line' id='line_1_36' title="bbox 212 3090 1152 3172; baseline 0.001 -19"><span class='ocrx_word' id='word_1_230' title='bbox 212 3107 304 3153; x_wconf 87' lang='lat' dir='ltr'>mam</span> <span class='ocrx_word' id='word_1_231' title='bbox 325 3107 394 3152; x_wconf 90' lang='lat' dir='ltr'>rem</span> <span class='ocrx_word' id='word_1_232' title='bbox 416 3090 503 3171; x_wconf 92' lang='lat' dir='ltr'>quod</span> <span class='ocrx_word' id='word_1_233' title='bbox 525 3094 662 3171; x_wconf 88' lang='lat' dir='ltr'>spectat,</span> <span class='ocrx_word' id='word_1_234' title='bbox 686 3090 757 3154; x_wconf 84' lang='lat' dir='ltr'>haee</span> <span class='ocrx_word' id='word_1_235' title='bbox 777 3095 948 3172; x_wconf 88' lang='lat' dir='ltr'>tamquam</span> <span class='ocrx_word' id='word_1_236' title='bbox 973 3091 1027 3154; x_wconf 90' lang='lat' dir='ltr'>lex</span> <span class='ocrx_word' id='word_1_237' title='bbox 1047 3108 1152 3169; x_wconf 82' lang='lat' dir='ltr'>gene-</span> 
     </span>
     <span class='ocr_line' id='line_1_37' title="bbox 213 3170 1151 3252; baseline 0.002 -18"><span class='ocrx_word' id='word_1_238' title='bbox 213 3170 295 3234; x_wconf 89' lang='lat' dir='ltr'>ralis</span> <span class='ocrx_word' id='word_1_239' title='bbox 324 3188 363 3232; x_wconf 90' lang='lat' dir='ltr'>ac</span> <span class='ocrx_word' id='word_1_240' title='bbox 394 3174 554 3250; x_wconf 89' lang='lat' dir='ltr'>perpetua</span> <span class='ocrx_word' id='word_1_241' title='bbox 585 3171 765 3251; x_wconf 90' lang='lat' dir='ltr'>sanciatur,</span> <span class='ocrx_word' id='word_1_242' title='bbox 789 3172 836 3234; x_wconf 89' lang='lat' dir='ltr'>ita</span> <span class='ocrx_word' id='word_1_243' title='bbox 857 3170 1015 3234; x_wconf 89' lang='lat' dir='ltr'>constitui</span> <span class='ocrx_word' id='word_1_244' title='bbox 1036 3171 1151 3252; x_wconf 85' lang='lat' dir='ltr'>itaque</span> 
     </span>
     <span class='ocr_line' id='line_1_38' title="bbox 213 3250 1151 3332; baseline -0.001 -17"><span class='ocrx_word' id='word_1_245' title='bbox 213 3252 395 3330; x_wconf 81' lang='lat' dir='ltr'>gubernari</span> <span class='ocrx_word' id='word_1_246' title='bbox 426 3250 582 3331; x_wconf 88' lang='lat' dir='ltr'>opificum</span> <span class='ocrx_word' id='word_1_247' title='bbox 613 3251 755 3330; x_wconf 78' lang='lat' dir='ltr'>collegia</span> <span class='ocrx_word' id='word_1_248' title='bbox 785 3256 945 3332; x_wconf 90' lang='lat' dir='ltr'>oportere,</span> <span class='ocrx_word' id='word_1_249' title='bbox 969 3253 1007 3315; x_wconf 89' lang='lat' dir='ltr'>ut</span> <span class='ocrx_word' id='word_1_250' title='bbox 1026 3251 1151 3314; x_wconf 90' lang='lat' dir='ltr'>instru-</span> 
     </span>
     <span class='ocr_line' id='line_1_39' title="bbox 213 3330 1152 3474; baseline 0 -80"><span class='ocrx_word' id='word_1_251' title='bbox 213 3334 326 3395; x_wconf 89' lang='lat' dir='ltr'>menta</span> <span class='ocrx_word' id='word_1_252' title='bbox 346 3330 557 3474; x_wconf 47' lang='lat' dir='ltr'>suppeditent</span> <span class='ocrx_word' id='word_1_253' title='bbox 577 3332 749 3410; x_wconf 89' lang='lat' dir='ltr'>aptissima</span> <span class='ocrx_word' id='word_1_254' title='bbox 769 3331 977 3414; x_wconf 84' lang='lat' dir='ltr'>maximeque</span> <span class='ocrx_word' id='word_1_255' title='bbox 998 3330 1152 3410; x_wconf 81' lang='lat' dir='ltr'>expedita</span> 
     </span>
     <span class='ocr_line' id='line_1_40' title="bbox 213 3410 1153 3493; baseline -0.001 -17"><span class='ocrx_word' id='word_1_256' title='bbox 213 3413 255 3476; x_wconf 87' lang='lat' dir='ltr'>ad</span> <span class='ocrx_word' id='word_1_257' title='bbox 268 3411 314 3492; x_wconf 89' lang='lat' dir='ltr'>id,</span> <span class='ocrx_word' id='word_1_258' title='bbox 337 3429 402 3493; x_wconf 91' lang='lat' dir='ltr'>quo</span> <span class='ocrx_word' id='word_1_259' title='bbox 445 3414 495 3474; x_wconf 90' lang='lat' dir='ltr'>est</span> <span class='ocrx_word' id='word_1_260' title='bbox 515 3413 731 3492; x_wconf 91' lang='lat' dir='ltr'>propositum,</span> <span class='ocrx_word' id='word_1_261' title='bbox 754 3410 907 3493; x_wconf 90' lang='lat' dir='ltr'>quodque</span> <span class='ocrx_word' id='word_1_262' title='bbox 927 3415 961 3475; x_wconf 93' lang='lat' dir='ltr'>in</span> <span class='ocrx_word' id='word_1_263' title='bbox 983 3429 1021 3474; x_wconf 92' lang='lat' dir='ltr'>eo</span> <span class='ocrx_word' id='word_1_264' title='bbox 1042 3413 1153 3476; x_wconf 89' lang='lat' dir='ltr'>eonsi-</span> 
     </span>
     <span class='ocr_line' id='line_1_41' title="bbox 211 3491 1149 3571; baseline -0.002 -14"><span class='ocrx_word' id='word_1_265' title='bbox 211 3493 269 3557; x_wconf 89' lang='lat' dir='ltr'>stit</span> <span class='ocrx_word' id='word_1_266' title='bbox 290 3497 329 3557; x_wconf 91' lang='lat' dir='ltr'>ut</span> <span class='ocrx_word' id='word_1_267' title='bbox 349 3491 477 3571; x_wconf 81' lang='lat' dir='ltr'>singuli</span> <span class='ocrx_word' id='word_1_268' title='bbox 498 3509 515 3554; x_wconf 91' lang='lat' dir='ltr'>e</span> <span class='ocrx_word' id='word_1_269' title='bbox 537 3492 692 3554; x_wconf 88' lang='lat' dir='ltr'>societate</span> <span class='ocrx_word' id='word_1_270' title='bbox 720 3492 962 3555; x_wconf 88' lang='lat' dir='ltr'>incrementum</span> <span class='ocrx_word' id='word_1_271' title='bbox 984 3491 1149 3555; x_wconf 90' lang='lat' dir='ltr'>bonorum</span> 
     </span>
    </p>
   </div>
   <div class='ocr_carea' id='block_1_6' title="bbox 0 0 1282 4182">
    <p class='ocr_par' dir='ltr' id='par_1_7' title="bbox 0 0 1282 4182">
     <span class='ocr_line' id='line_1_42' title="bbox 0 0 1282 4182; baseline 0 1"><span class='ocrx_word' id='word_1_272' title='bbox 0 0 1282 4182; x_wconf 95' lang='lat' dir='ltr'> </span> 
     </span>
    </p>
   </div>
  </div>
 </body>
</html>
