2484 4178
470 253 629 313 ...Π-

69 359 170 437 dare,
192 375 300 440 neque
321 357 519 421 abominatae
540 360 639 420 sectae
663 357 775 421 favere
803 359 874 421 ulla
895 360 1025 422 ratione
1113 421 1117 430 ,

70 437 240 501 audeant:
264 438 344 520 quin
365 439 444 516 imo,
459 455 518 517 per
536 437 676 516 egregia
696 438 846 502 facinora
866 442 901 502 et
922 439 1024 502 irone·

71 523 168 582 stam
184 520 220 581 in
234 518 389 582 omnibns
402 517 526 597 agendi
540 519 701 581 rationem
716 518 904 598 ostendant,
921 538 1022 601 quam

71 600 165 662 bene
186 599 390 679 feliciterque
421 599 569 660 humana
599 600 792 661 consisteret
817 601 970 676 societas,
994 600 1023 662 si

72 680 218 758 singula
235 678 385 742 membra
404 681 495 741 reete
515 677 612 740 factis
633 685 666 741 et
687 679 868 742 virtutibus
888 679 1023 759 praeful-

73 767 212 836 gerent.
235 794 275 804 —
296 758 443 822 Tandem
464 776 538 821 oum
562 759 747 822 Socialismi
773 763 953 824 sectatores
982 777 1021 822 ex

72 839 254 902 hominum
281 852 405 917 genere
432 837 642 919 potissimum
664 845 868 918 querantur,
892 840 1021 982 Ἓ1181-

72 925 131 982 tes
153 926 308 983 exercent
338 919 393 981 vel
424 935 541 998 operas
571 917 695 996 locant,
719 921 841 1000 quique
869 921 902 983 18
925 937 1021 983 orum

73 1000 166 1062 forte
186 999 317 1082 pertaesi
338 997 532 1061 divitiarum
560 1015 618 1078 spe
641 1017 680 1061 ae
701 1000 863 1062 bonorum
883 1000 1022 1079 promis-

74 1081 174 1144 sione
203 1080 359 1143 facillime
389 1079 603 1156 alliciuntur,
634 1084 858 1161 opportunum
889 1080 1020 1144 videtur

74 1160 248 1222 artificum
275 1165 375 1239 atque
406 1158 562 1236 opificum
592 1161 764 1222 societates
798 1159 922 1239 fovere,
945 1177 1020 1240 quae

74 1240 142 1304 sub
164 1240 337 1320 religionis
358 1240 462 1301 tutela
483 1241 673 1302 constitutae
694 1256 808 1302 omnes
829 1243 935 1302 socios
958 1257 1020 1302 sua

74 1325 169 1384 sorte
190 1325 365 1394 contentos
393 1335 596 1400 operumque
622 1320 788 1399 patientes
808 1319 964 1398 efficiant,
987 1324 1020 1382 et

75 1401 121 1542 311
145 1401 291 1480 quietam
321 1417 360 1462 ae
390 1401 606 1480 tranquillam
639 1402 742 1462 vitam
774 1400 941 1478 agendam
964 1400 1017 1461 in·

102 1485 218 1543 ucant.

117 1561 252 1624 Nostris
282 1564 394 1622 autem
424 1559 617 1641 vestrisque
651 1559 781 1640 coeptis,
804 1559 1019 1622 venerabiles

76 1642 226 1721 Fratres,
248 1641 311 1703 Ille
333 1640 466 1720 aspiret,
490 1640 543 1703 cui
575 1640 682 1703 omnis
712 1640 791 1703 boni
821 1640 1019 1721 principium

1 1769 2 1774 1
76 1726 112 1784 et
133 1721 263 1784 exitum
285 1732 458 1800 acceptum
480 1720 603 1783 referre
624 1720 789 1798 cogimur.
807 1753 844 1763 -
866 1720 1019 1782 Ceterum

77 1801 114 1862 in
147 1818 238 1882 spem
269 1800 518 1880 praesentissimi
548 1800 665 1863 auxilii
696 1799 771 1894 ipsa
800 1800 869 1862 Nos
899 1799 1018 1864 horum

77 1881 213 1944 dierum
239 1881 338 1958 erigit
358 1880 454 1955 ratio,
479 1880 597 1960 quibus
628 1878 758 1943 Domini
788 1879 917 1942 Natalis
948 1879 1018 1941 dies

1 1971 2 2040 ξ
76 1961 309 2024 anniversaria
324 1959 511 2022 celebritate
526 1961 693 2023 recolitur.
709 1974 813 2035 quam
828 1958 1020 2024 8811101111-

1 2070 2 2076 *
77 2047 154 2104 stus
175 2057 316 2111 nascens
336 2041 518 2103 senescenti
545 2040 616 2118 jam
637 2041 761 2102 mundo
793 2043 826 2101 et
856 2039 1018 2102 111111818-

77 2139 158 2185 rum
171 2127 323 2184 extrema
343 2138 430 2202 pene
448 2120 576 2200 dilapso
596 2137 718 2183 novam
737 2119 850 2182 intulit
863 2119 1018 2200 salutem,

1 2198 3 2214 '
77 2219 154 2264 eam
175 2219 237 2278 nos
257 2218 387 2282 qnoque
406 2218 539 2282 sperare
556 2200 674 2279 jubet3
698 2217 897 2281 pacemque,
919 2216 1019 2281 quam

80 2289 163 2344 tuno
175 2299 234 2361 per
248 2283 396 2360 Angelos
409 2281 598 2352 hominibus
612 2281 791 2352 nuntiavit,
807 2279 904 2342 nobis
919 2280 1018 2343 etiam

1 2425 2 2428 ,
80 2380 116 2424 se
138 2362 297 2424 daturum
319 2361 482 2441 promisit.
500 2363 613 2441 Neque
635 2362 722 2422 enim
745 2363 946 2424 abbreviata
968 2361 1020 2422 est

4 3685 20 3912 l

24 3959 29 4031 1

79 2459 210 2504 marrus
231 2446 371 2505 Domini
403 2443 443 2503 ut
474 2445 614 2504 salvare
644 2443 936 2519 sequestremne
959 2456 1021 2516 ap-

79 2524 234 2598 praecia
253 2523 304 2584 est
326 2525 428 2583 auris
450 2525 527 2596 ejus
559 2523 599 2583 ut
629 2538 699 2585 eoo
724 2525 889 2584 exaudiat
912 2521 935 2582 ¹.
958 2519 1021 2582 His

80 2601 189 2674 igitur
220 2601 497 2682 auspicatIssimis
530 2600 646 2664 diebus
669 2600 781 2677 Vobis,
810 2599 1023 2661 venerabiles

80 2683 227 2759 Fratres,
242 2686 275 2744 et
298 2680 449 2744 fidelibus
468 2681 690 2744 Ecclesiarum
704 2680 898 2742 Vestrarum
912 2678 1024 2742 fausta

80 2761 195 2824 omnia
216 2779 255 2824 ac
275 2762 355 2823 laeta
375 2762 581 2837 ominantes,
603 2761 767 2823 bonorum
787 2761 936 2822 omnium
958 2760 1023 2821 Da·

80 2845 189 2905 torem
210 2843 304 2904 enixe
325 2858 511 2920 precamur,
535 2843 574 2902 ut
593 2858 727 2903 rursum
748 2843 944 2904 bominibus
966 2857 1026 2916 ep·

78 2921 206 3000 pareat
227 2924 425 2999 benignitas
456 2923 489 2984 et
517 2923 720 2984 remaneas
741 2923 938 2984 salvatores
959 2936 1022 2982 rto-

80 3005 152 3065 stri
174 3007 236 3064 Det
256 3002 282 3081 2,
305 3001 361 3080 qui
376 3019 436 3063 nos
452 3002 494 3064 ab
508 3001 724 3064 infensissimi
739 3000 847 3063 bostis
860 3003 1023 3080 potestate

80 3085 212 3162 ereptos
231 3081 268 3144 in
288 3079 527 3144 nobilissimam
548 3081 693 3144 filiorum
717 3081 892 3144 transtulit
912 3079 1024 3158 digni-

82 3166 256 3226 1818118-
276 3163 384 3241 Atque
404 3164 443 3223 ut
464 3162 563 3224 citius
585 3179 624 3223 ac
645 3161 777 3241 plenius
798 3161 869 3223 voti
890 3177 1022 3301 811111110-

83 3251 133 3306 tes
156 3243 272 3320 simus,
295 3239 438 3304 fervidas
469 3241 511 3303 ad
543 3243 649 3304 Deum
680 3257 793 3322 preces
818 3245 851 3303 et
871 3241 933 3321 ipsi
986 3256 1022 3301 o-

83 3323 212 3387 bisoum
241 3320 417 3401 adhibete,
440 3320 655 3385 venerabiles
684 3323 828 3401 Fratres,
852 3323 886 3383 et
913 3322 1023 3382 Beatae

4 3479 5 3504 ¹
112 3498 175 3551 ¹1s.
192 3515 249 3564 1111,
266 3500 288 3550 1.
584 3499 669 3551 ’'Fit.
687 3515 730 3563 111,
745 3500 768 3550 4.
