2576 4180
682 254 802 318 -236
825 287 861 297 -

304 363 421 425 denter
441 361 591 425 homines
612 361 756 424 intueri:
781 366 813 424 et
834 360 1098 442 quibuscumque
1118 362 1155 427 in
1187 366 1265 428 oris

306 443 509 506 catholicum
523 443 617 522 viget
631 458 764 520 nomen,
781 441 965 504 Ecclesiam
980 459 1169 524 romanam,
1184 463 1265 508 om-

305 523 398 586 nium
410 519 631 588 Ecclesiarum
647 528 787 584 matrem
802 527 835 584 et
845 523 1056 603 magistram,
1069 525 1134 588 coli
1146 525 1266 589 obser·

304 604 452 684 rarique,
464 604 512 666 ita
521 608 560 666 ut
571 620 705 684 aequum
716 604 778 680 est,
791 601 922 665 ardenti
938 602 1050 667 studio
1065 621 1105 668 ao
1119 623 1264 670 summa

305 683 493 748 concordia,
509 717 548 730 -
564 683 625 746 His
639 682 679 746 de
701 682 830 745 caussis
845 699 903 764 per
918 684 1104 765 superiores
1119 703 1264 751 menses

306 782 374 827 non
394 764 495 828 semel
516 763 552 826 in
573 763 691 828 oaelnm
713 763 935 843 suspeximus,
962 767 1027 827 Deo
1048 766 1178 846 optimo
1210 774 1266 830 at-

306 862 371 926 que
392 844 573 908 immortali
595 845 724 924 gratias
742 843 862 923 acturi,
880 841 968 924 quod
989 848 1023 922 et
1043 844 1132 908 hano
1152 847 1262 912 Nobis

305 925 439 989 vivendi
460 941 618 1004 usuram,
639 927 672 987 et
694 940 755 1001 ea,
777 939 852 1017 quaa
872 929 1134 989 commemorata
1155 933 1258 1006 sunt,

304 1023 462 1069 curarum
482 1005 601 1068 solatia
614 1002 853 1082 benignissime
867 1004 1055 1069 tribuisset:
1073 1023 1132 1085 per
1146 1007 1259 1072 idem-

306 1103 369 1166 que
383 1089 524 1165 tempus,
539 1100 615 1148 cum
637 1101 706 1147 sese
720 1083 850 1154 occasio
865 1080 967 1164 dedit,
980 1090 1116 1164 gratam
1128 1089 1255 1152 volun-

306 1169 410 1228 tatem
432 1167 599 1246 Nostram,
622 1164 761 1245 inques
785 1163 967 1245 oportebat,
991 1164 1255 1232 deelaravimus.

307 1247 403 1308 Nunc
423 1263 501 1309 vero
523 1249 673 1309 extrema
693 1243 772 1307 anni
793 1262 832 1307 ac
853 1245 1055 1310 celebritatis
1086 1265 1257 1313 renovare

304 1324 485 1388 admonent
506 1325 632 1408 accepti
646 1324 792 1387 beneficii
807 1326 1018 1392 memoriam:
1040 1331 1142 1409 atque
1165 1330 1256 1394 illud

304 1410 477 1486 peroptato
498 1405 676 1484 contingit,
692 1409 730 1468 nt
751 1405 930 1469 Nobiscum
950 1407 984 1468 in
998 1407 1161 1472 iterandis
1185 1413 1256 1474 Deo

304 1487 424 1565 gratiis
445 1486 593 1549 Ecclesia
614 1489 686 1548 tota
706 1487 903 1549 consentiat.
919 1486 1026 1551 Simul
1046 1505 1125 1552 vero
1147 1507 1254 1572 expe-

303 1567 346 1629 tit
375 1566 507 1630 animus
538 1584 597 1647 per
627 1565 688 1629 has
706 1567 849 1630 'litteras
882 1565 1017 1647 publice
1047 1569 1194 1646 testari,
1219 1571 1255 1635 id

304 1646 393 1728 quod
422 1647 584 1726 iacimus,
609 1646 887 1727 quemadmodum
912 1651 962 1710 tot
991 1648 1165 1792 obsequii,
1192 1651 1256 1716 hu·
1281 1663 1282 1734 l

303 1726 475 1791 manitatis
497 1731 530 1791 et
551 1726 674 1790 amoris
694 1727 888 1792 testimonia
908 1727 951 1790 ad
965 1727 1075 1792 lenien
1098 1747 1137 1792 as
1152 1749 1256 1796 curas
1281 1741 1282 1744 ’

304 1809 539 1888 molestiasque
551 1809 689 1871 Nostras
702 1807 927 1872 consolatione
941 1825 1007 1871 non
1019 1808 1181 1874 mediocri
1194 1831 1254 1876 va·

303 1889 450 1962 luerunt,
473 1889 522 1950 ita
543 1904 658 1952 eorum
680 1892 712 1950 et
732 1888 927 1952 memoriam
948 1889 982 1952 in
1004 1889 1106 1953 Nobis
1121 1894 1158 1956 et
1172 1910 1255 1972 gra-

304 1970 386 2031 tiam
400 1984 470 2032 sem
494 1986 530 2030 er
540 1985 612 2031 esse
623 1969 844 2032 victuram-
855 1967 919 2031 Sed
929 1968 1037 2050 majus
1047 1987 1087 2032 ac
1097 1975 1256 2037 sanctius

303 2051 408 2111 restat
429 2064 448 2109 o
486 2047 587 2111 oium.
605 2049 645 2110 In
665 2048 728 2111 hac
750 2048 839 2112 eninr
854 2047 1030 2113 affectione
1043 2050 1255 2134 animorum,

303 2143 479 2190 romanum
501 2128 695 2192 Pontificem
716 2127 889 2192 alacritate
909 2128 1041 2192 insueta
1065 2133 1175 2196 colere
1199 2141 1255 2198 at-

303 2207 542 2286 quehonorare
556 2209 787 2287 gestientium,
804 2226 927 2272 numen
941 2209 1094 2276 videmur
1107 2216 1255 2278 nutum·

302 2304 366 2366 que
396 2286 470 2368 ejus
501 2305 703 2368 agnoscere,
727 2290 785 2371 qui
806 2307 894 2434 saege
914 2291 1000 2354 solet
1026 2295 1127 2372 atque
1158 2311 1256 2358 unns

299 2370 409 2447 potest
439 2383 640 2448 magnorum
664 2369 829 2450 principia
873 2388 1014 2434 oncrum
1034 2389 1075 2438 en
1097 2373 1254 2439 minimis

301 2449 477 2512 momentis
497 2447 624 2513 elicere.
649 2447 814 2513 Nimirum
834 2450 1143 2531 providentissimus
1158 2455 1254 2520 Deus

299 2528 444 2594 voluisse
465 2528 605 2608 videtur,
628 2529 664 2592 in
685 2533 781 2594 tanto
802 2531 997 2612 opinionum
1019 2549 1141 2610 errore,
1157 2538 1255 2599 exei-

299 2613 371 2673 tare
402 2609 523 2690 fidem,
560 2609 910 2693 opportunitatemque
945 2612 1090 2692 praebere
1124 2615 1253 2680 studiis

298 2690 377 2754 vitae
398 2690 536 2770 potioris
556 2691 592 2753 in
613 2691 736 2772 populo
758 2691 940 2756 christiano
972 2693 1179 2758 revocandis.
1205 2733 1251 2744 -

298 2770 515 2845 Quamobrem
536 2771 598 2836 hoc
620 2776 670 2834 est
690 2770 821 2851 reliqui,
837 2772 915 2835 dare
936 2791 1071 2853 operam
1093 2777 1143 2852 ut,
1159 2775 1250 2841 bene
1281 2825 1282 2852 ,

296 2851 412 2929 positis
432 2851 558 2930 initiis,
588 2851 670 2914 bene
690 2855 801 2915 cetera
824 2856 1089 2933 consequantur:
1113 2855 1249 2922 eniten-
1281 2857 1282 2950 l

295 2927 450 3010 dumque,
475 2935 512 2995 ut
532 2938 566 2992 et
586 2931 823 3012 intelligantur
842 2933 980 2996 consilia
1001 2933 1126 3014 divina,
1149 2940 1185 3000 et
1209 2956 1250 3002 re
1281 2959 1282 2966 ¹

293 3007 366 3086 ipsa
387 3009 612 3089 perficiantur.
641 3011 734 3074 Tunc
754 3011 896 3094 denique
916 3013 1113 3095 obsequium
1137 3016 1174 3080 in
1197 3019 1247 3080 A·

208 3135 209 3138 ,
292 3089 488 3166 postolicam
518 3089 636 3154 Sedem
657 3091 753 3171 plene
777 3092 840 3155 erit
868 3094 1104 3177 cumulateque
1130 3097 1244 3177 perfe-

293 3169 397 3246 ctum,
421 3170 448 3231 si
469 3187 547 3233 cum
570 3172 734 3235 virtutum
755 3171 1016 3238 christianarum
1037 3175 1137 3240 laude
1164 3196 1250 3242 con·

291 3247 448 3327 Junctum
483 3249 526 3313 ad
557 3251 702 3314 salutem
737 3253 903 3318 conducat
937 3255 1146 3322 animorum:
1185 3263 1247 3341 qui

293 3326 423 3391 fructus
447 3335 498 3392 est
528 3331 624 3393 unice
654 3334 859 3413 expetendus
888 3340 1115 3418 perpetuoque
1148 3354 1248 3404 man-

299 3425 407 3472 surus.

333 3491 382 3553 Ex
405 3491 467 3554 hoc
481 3506 610 3554 summo
632 3493 801 3572 apostolici
824 3496 970 3560 muneris
983 3496 1105 3579 gradu,
1121 3498 1158 3564 in
1174 3517 1244 3582 quo

1281 3983 1282 4028 l

1281 4039 1282 4080 l
