2576 4180
641 250 816 312 —186-

253 360 348 420 extra
369 357 518 420 ordinem
538 357 701 420 catholico
722 355 794 420 orbi
814 372 871 436 per
892 357 953 420 has
975 357 1117 421 Litteras
1130 361 1195 424 No
1285 357 1287 368 ’

253 439 341 500 stras
361 437 551 500 indicimus.

295 518 412 598 Itaque
442 517 482 580 de
513 517 749 597 omnipotentis
779 517 837 579 Dei
868 517 1111 594 misericordia,
1151 537 1194 582 ac

252 597 425 661 beatorum
446 597 680 678 Apostolorum
705 597 791 660 Petri
812 600 845 659 et
866 597 963 659 Pauli
994 599 1194 661 auctoritate

253 678 381 757 confisi,
404 696 446 740 ex
466 678 525 741 illa
545 677 673 757 ligandi
699 679 799 757 atque
830 677 981 740 solvendi
1015 683 1192 758 potestate,

254 775 355 838 quam
377 758 478 822 Nobis
499 759 659 821 Dominus
680 757 758 821 licet
777 757 927 835 indiguis
948 759 1100 838 contulit,
1117 760 1195 822 uni·
1285 759 1287 772 ¹

254 839 358 901 versis
380 843 414 901 et
435 839 578 917 singulis
599 838 774 919 utriusque
788 855 888 901 sexus
901 838 1022 901 Christi
1035 838 1192 902 fidelibus

253 918 480 998 plenissimam
510 921 722 999 peccatorum
749 917 897 982 omnium
927 917 1192 999 indulgentiam,

178 1053 180 1058 Α
254 997 296 1061 ad
317 999 423 1061 instar
443 999 610 1078 generalis
630 998 774 1074 Jubilaai,
797 997 1019 1078 concedimus,
1042 998 1193 1063 simodo

253 1077 435 1159 effecerint,
459 1080 515 1174 qui
535 1079 571 1142 in
592 1079 726 1158 Europa
746 1081 865 1158 agunt,
883 1080 1069 1159 aproximo
1083 1078 1137 1141 die
1154 1081 1192 1142 19

253 1158 354 1238 hujus
376 1176 499 1221 mensrs
519 1159 641 1230 Martii,
665 1175 759 1222 sacro
790 1158 831 1221 ob
862 1160 1055 1223 memoriam
1076 1159 1193 1222 Sancti

252 1239 389 1319 Josephi
410 1238 515 1302 beatae
542 1240 655 1301 Mariae
687 1237 848 1316 Virginis.
866 1239 994 1319 Sponsi,
1027 1241 1069 1303 ad
1099 1239 1192 1302 diem

251 1321 395 1396 primum
417 1318 623 1398 Novembris,
646 1319 826 1382 solemnem
848 1319 890 1381 ob
911 1320 1105 1382 memoriam
1127 1337 1194 1382 cae-

252 1398 350 1461 litum
371 1399 604 1463 universorum
624 1399 804 1479 inclusive3
828 1399 886 1479 qui
908 1415 986 1460 vero
1008 1403 1103 1462 extra
1124 1401 1194 1463 Eu-

252 1495 379 1558 ropam,
413 1479 455 1542 ab
485 1479 600 1543 eodem
631 1479 784 1560 proximo
807 1477 859 1540 die
881 1480 919 1541 19
940 1477 1042 1559 hujus
1064 1481 1194 1544 mensis
1286 1507 1287 1548 ;

254 1560 365 1623 Martii
397 1577 499 1641 usque
529 1559 571 1622 ad
601 1564 807 1639 postremum
838 1559 925 1622 diem
945 1560 1088 1623 labentis
1109 1560 1194 1623 anni

253 1655 469 1704 uucccnxxrn
490 1640 662 1718 inclusive,
685 1657 758 1721 quae
779 1638 867 1702 infra
896 1647 1061 1720 praecepta
1090 1643 1193 1704 sunt:

253 1719 380 1783 scilicet
401 1725 565 1802 quotquot
586 1725 665 1782 sunt
697 1721 807 1783 Romae
838 1721 927 1782 cives
957 1721 1012 1783 vel
1043 1721 1194 1799 hospites

253 1800 431 1864 Basilicam
454 1803 720 1878 Lataraneusem,
743 1799 825 1882 item
845 1800 1043 1863 Vaticanum
1072 1803 1107 1862 et
1140 1801 1195 1863 Li·

253 1880 426 1944 berisnam
447 1882 496 1944 bis
517 1881 649 1958 adeant,
673 1879 782 1960 ibique
801 1897 861 1960 per
882 1879 1018 1960 aliquod
1031 1881 1194 1960 temporis

254 1963 398 2039 spatium
421 1978 481 2042 pro
502 1960 675 2023 catholicae
697 1960 852 2022 Ecclesia
873 1963 907 2022 et
928 1960 1028 2039 hujus
1049 1962 1196 2040 Aposto-

252 2041 326 2103 licae
347 2041 439 2104 Sedis
459 2041 675 2121 prosperitate
696 2044 729 2102 et
750 2041 963 2118 exaltatione,
996 2056 1056 2120 pro
1087 2043 1194 2105 extir·
1284 2079 1286 2104 t

252 2120 388 2201 patione
408 2121 569 2184 haeresum
592 2121 805 2201 omniumque
835 2122 1019 2183 errantium
1050 2136 1194 2184 conver·
1285 2127 1286 2194 l

252 2201 356 2280 sione,
378 2218 438 2281 pro
460 2201 718 2264 christianorum
740 2201 930 2280 Principum
951 2200 1129 2264 concordia
1152 2219 1193 2264 ac
1285 2213 1286 2258 l

252 2281 356 2343 totius
388 2281 494 2344 fidelis
525 2281 638 2362 populi
670 2298 750 2361 pace
782 2285 815 2343 et
842 2281 982 2352 unitate,
1005 2279 1193 2344 secundum

253 2365 398 2424 mentem
419 2362 574 2424 Nostram
596 2361 669 2441 pias
689 2361 732 2424 ad
752 2361 856 2424 Deum
872 2377 986 2440 preces
1001 2360 1190 2443 effundant3

252 2440 351 2505 iidem
373 2460 439 2505 uno
471 2442 523 2505 die
554 2441 750 2505 esuriallbus
773 2441 912 2504 ‘tantum
942 2440 1026 2504 cibis
1057 2445 1194 2504 utentes

250 2520 412 2603 jejunent,
435 2526 556 2602 praeter
576 2522 646 2584 dies
676 2521 712 2584 in
743 2520 1024 2663 quadragesimali
1058 2521 1193 2586 indulto

253 2605 321 2666 non
341 2602 605 2682 comprehensos,
641 2605 701 2664 aut
730 2619 751 2662 a
766 2602 813 2664 ias
844 2601 944 2663 simili
974 2601 1082 2664 stricti
1099 2600 1193 2682 Juris

249 2682 375 2764 jeJ’unio
396 2701 436 2745 ex
467 2687 631 2764 praecepto
662 2681 817 2744 Ecclesiae
849 2686 1074 2745 consecratos:
1104 2699 1194 2761 prae·

253 2766 345 2826 terea
365 2766 501 2842 peccata
522 2781 582 2826 sua
606 2763 669 2825 rite
690 2761 834 2824 confessi
855 2760 1103 2824 sanctissimum
1123 2763 1194 2825 Eu·

252 2843 416 2904 charistiae
438 2845 682 2905 sacramentum
704 2841 909 2921 suscipiant,
929 2846 1030 2922 atque
1049 2842 1193 2906 eleemo-
1284 2862 1285 2876 ¹

252 2938 345 3002 synae
366 2923 500 2986 nomine
530 2924 566 2985 in
598 2923 690 3004 pium
725 2921 860 3015 aliquod
891 2939 974 3003 opus
1006 2921 1191 3002 quidquam

251 3002 433 3065 conferant.
455 3004 525 3079 Qua
546 3003 580 3066 in
603 3020 638 3065 re
659 3019 699 3064 ea
714 3003 873 3064 lnstrtuta
888 3002 1084 3064 nominatim
1100 3019 1193 3065 com·

250 3098 484 3161 memoramus,
507 3100 649 3163 quorum
669 3081 846 3145 tuitionem
877 3081 1008 3144 caritati
1033 3081 1193 3144 Christia-

251 3179 371 3226 norum
393 3162 482 3226 haud
503 3165 549 3226 ita
570 3163 697 3245 pridem
720 3180 776 3242 per
807 3162 947 3224 Litteras
978 3161 1192 3226 commenda-

250 3242 369 3322 vimus,
394 3243 550 3306 nimirum
573 3245 867 3320 Propapottocem
897 3245 1007 3320 Fidei,
1043 3245 1191 3306 Sacram
1283 3283 1284 3294 η

250 3329 334 3389 lesu
368 3327 499 3388 Christi
532 3326 730 3398 Infantiam
764 3329 797 3385 et
832 3325 974 3386 scholas
1012 3323 1190 3396 Orientis;

251 3421 333 3485 quas
354 3404 487 3485 quidem
508 3404 543 3465 in
565 3403 701 3466 remotis
723 3403 823 3466 etiam
842 3406 877 3464 et
896 3401 1103 3466 silvestribus
1117 3403 1189 3483 pla·

248 3484 304 3564 gis
325 3485 497 3548 instituere
518 3488 551 3546 et
570 3484 763 3564 provehere,
795 3487 834 3545 ut
865 3499 963 3562 pares
983 3483 1189 3546 necessitati-
