2554 4182
2 1423 3 1430 ,
94 1363 189 1425 Hanc

472 209 652 272 -351-

93 315 250 457 corpotris
275 315 389 394 animi,
404 315 453 378 rei
474 315 660 390 familiaris,
678 317 787 398 quoad
807 321 928 397 potest,
947 335 1035 381 asse·

118 413 186 459 uan
204 413 254 458 ur.

96 413 117 478 q
135 478 348 557 Perspicuum
369 493 449 539 vero
463 480 522 552 est,
536 475 579 540 ad
600 477 834 557 perfectionem
855 480 989 560 pietatis
1004 485 1036 543 et

94 575 226 621 morum
248 559 418 636 tamquam
439 555 481 619 ad
503 574 656 620 caussam
676 560 877 638 praecipuam
891 561 1035 640 spectari

93 640 265 718 oportere:
298 639 404 718 etque
435 637 644 718 potissimum
675 643 794 702 caussa
822 639 1035 721 disciplinam

93 718 250 781 socialem
274 719 406 796 penitus
437 717 659 796 dirigendam.
694 721 793 782 Secus
822 722 910 784 enim
937 721 1037 800 dege-

93 802 249 862 nerarent
270 799 304 860 in
326 798 427 860 aliam
449 798 601 876 formam,
617 801 714 894 eique
736 803 853 878 generi
873 802 1032 879 collegio·

94 897 181 958 rum,
198 881 234 942 in
255 878 376 960 quibus
396 879 490 942 nulla
505 879 590 946 ratio
611 881 782 959 religionis
804 881 918 944 haberi
939 883 1033 960 solet,

93 959 185 1023 haud
206 977 285 1023 sane
308 961 451 1022 multum
471 964 674 1040 praestarent.
693 963 843 1026 Ceterum
865 962 946 1042 quid
960 980 1033 1042 pro-

93 1040 137 1102 sit
158 1039 267 1122 opifici
287 1058 399 1103 rerum
420 1041 548 1120 copiam
570 1043 730 1105 societate
752 1043 920 1122 quesisse,
940 1045 969 1106 si
991 1043 1031 1106 ob

92 1120 239 1201 inopiam
272 1119 337 1183 cibi
368 1121 420 1182 sui
452 1121 491 1183 de
522 1121 630 1184 salute
661 1123 866 1201 periclitetur
891 1122 1032 1185 anima?

97 1205 185 1270 Quid
205 1203 348 1278 prodeat
369 1205 512 1278 domiai,
528 1206 561 1264 si
581 1206 749 1265 mundam
763 1208 969 1267 uuiversum
985 1209 1035 1267 ld-

94 1283 226 1361 cretdr,
239 1287 368 1344 animoa
378 1299 461 1345 cero
475 1299 549 1345 auce
563 1284 810 1347 detrimentum
826 1285 990 1361 paciatur
1004 1285 1033 1348 1‘?

229 1361 341 1424 uidem
355 1360 450 1425 docet
466 1361 616 1425 Christus
639 1365 798 1426 Dominus
812 1367 905 1427 velut
919 1369 1033 1428 notam

2 1455 3 1462 ¹
93 1379 292 1518 habendam,
309 1459 375 1524 qua
391 1443 432 1505 ab
445 1442 578 1505 ethnico
594 1443 823 1522 distinguatur
834 1444 933 1507 homo
948 1445 1034 1507 chri·

94 1518 234 1586 stianus:
258 1529 342 1586 Haec
363 1528 481 1586 omniu
502 1525 621 1600 peotes
643 1527 866 1598 inquirant...
885 1527 1033 1600 querite

90 1609 247 1682 primum
269 1620 417 1681 requam
437 1609 512 1679 Dei,
536 1605 569 1667 et
590 1606 771 1679 justitiam
793 1610 880 1684 eiua,
905 1609 938 1670 et
960 1609 1033 1668 arec

94 1690 213 1748 omnia
234 1686 451 1759 adjicientur
471 1687 565 1747 nobis
587 1686 610 1744 ².
628 1686 774 1763 Sumptis
795 1686 902 1762 igitur
922 1704 943 1747 a
964 1686 1032 1749 Deo

93 1764 274 1845 principiis,
290 1765 471 1844 plurimum
492 1764 668 1828 eruditioni
690 1765 853 1842 religiosae
868 1767 1033 1830 tribuatur

92 1844 169 1918 loci,
184 1848 222 1907 ut
243 1863 304 1908 sua
324 1845 452 1922 singuli
473 1844 632 1922 adversus
651 1846 754 1908 Deum
776 1845 885 1908 officia
906 1864 1032 1924 cogno·

93 1929 209 1988 scant:
233 1925 312 2006 quid
333 1926 465 1988 credere
486 1929 645 2004 oporteat,
670 1926 744 2006 quid
778 1943 909 2006 sperare
931 1932 1032 2007 atque

94 2022 196 2084 agere
227 2006 345 2069 salutis
377 2005 587 2086 sempiternae
618 2009 748 2084 caussa,
772 2008 872 2085 probe
904 2009 1029 2069 sciant:

93 2089 241 2167 curaque
261 2087 430 2167 praecipua
450 2087 610 2149 adversus
627 2087 821 2165 opinionum
836 2104 962 2150 errores
978 2105 1033 2150 va-

93 2166 228 2260 riasque
258 2168 462 2247 corruptelas
495 2167 700 2229 muniantur.
733 2167 781 2229 Ad
814 2169 871 2230 Del
903 2170 1031 2231 cultum

94 2247 309 2329 studiumque
339 2249 473 2326 pietatis
504 2248 665 2310 excitetur
689 2247 810 2327 opifex,
835 2249 1034 2312 nominatim

2 2323 3 2386 Ῑ
94 2327 137 2390 ad
158 2328 354 2406 religionem
377 2327 503 2390 dierum
530 2326 692 2390 festorum
713 2327 895 2392 colendam.
918 2329 1033 2392 Vereri

2 2411 4 2430 '
94 2407 302 2490 diligereque
323 2424 533 2471 communem
555 2409 703 2471 omnium
725 2410 896 2488 parentem
917 2410 1031 2471 Eccle-

95 2489 180 2551 siam
202 2488 389 2552 condiscat:
413 2490 557 2568 itemque
580 2487 651 2567 ejus
665 2492 698 2551 et
711 2489 936 2568 obtemperare
950 2507 1035 2569 prae-

93 2570 200 2649 ceptis
229 2572 264 2632 et
294 2572 503 2632 sacramenta
535 2569 755 2650 frequentare,
780 2585 854 2650 quae
885 2568 1032 2632 suntad

93 2651 280 2730 expiandas
300 2649 404 2712 animi
425 2649 515 2713 labes
536 2651 809 2730 sanctitatemque
838 2665 1033 2729 comparan-

95 2731 174 2794 dam
195 2731 417 2794 instrumenta
442 2729 565 2792 divina.
871 2777 875 2782 ,
986 2796 990 2802 .

136 2810 315 2874 socialium
327 2811 442 2888 legum
457 2809 563 2891 posito
578 2809 613 2871 in
629 2809 790 2888 religione
804 2809 1030 2888 fundamento,

92 2909 237 2972 pronum
252 2894 303 2954 est
322 2891 386 2952 iter
407 2890 449 2952 ad
470 2889 683 2954 stabiliendas
705 2893 869 2953 sociorum
889 2889 1034 2953 rationes

91 2975 243 3046 mutuas,
259 2975 297 3033 ut
317 2971 489 3034 convictus
511 2971 643 3050 quietus
664 2988 703 3032 ac
722 2987 774 3032 res
787 2969 944 3033 florentes
959 2988 1035 3034 con-

91 3054 288 3132 sequantur.
313 3051 428 3114 Munia
456 3051 668 3115 sodalitatum
701 3050 750 3113 dis
775 3050 925 3113 artienda
956 3055 1035 3114 sunt

91 3132 136 3195 ad
169 3149 376 3196 communes·
394 3132 538 3195 rationes
570 3135 827 3209 accommode,
854 3134 953 3211 atque
985 3132 1033 3193 ita

91 3212 229 3294 quidem
258 3217 296 3276 ut
326 3230 522 3276 consensum
554 3229 593 3274 ne
626 3211 755 3273 minuat
785 3209 1030 3274 dissimilitudo.

89 3291 209 3356 Officia
230 3293 345 3373 partiri
366 3293 608 3372 intelligenter,
632 3292 869 3372 perspicueque
891 3290 1030 3371 definiri,
1105 3319 1109 3328 ·

124 3471 135 3506 ¹
154 3469 259 3521 Matth.
276 3471 387 3534 xv1,26.
598 3467 730 3519 'Mattn
746 3483 784 3531 vr,
799 3467 880 3520 3233.
