2554 4182
469 271 649 332 -361-

95 376 249 459 optandae
272 393 355 456 quas
377 380 409 437 et
429 393 488 457 per
510 394 544 438 se
567 377 655 457 ipsas
676 376 822 455 potiores
845 381 878 440 et
896 376 946 438 illi
961 393 1038 454 gra-

93 462 196 521 tiores
216 475 286 520 esse
308 456 510 533 noverimus,
534 457 709 519 Rosarium
738 457 861 519 idcirco
883 457 1036 520 nomina-

93 542 153 602 tim
183 536 332 599 indicare
363 539 472 617 placet
504 537 717 618 impenseque
748 538 926 601 inculcare.
950 537 1038 601 Huic

93 617 250 699 precandi
271 617 352 679 ritui
374 635 495 680 nomen
518 634 656 681 corcuca
687 619 856 681 communi
885 634 1037 681 sermone

94 699 246 777 adhaesit,
269 697 331 771 hac
363 697 463 761 etiam
495 715 598 761 causa
629 697 717 777 quod
747 716 874 778 magna
893 699 976 762 Jesu
1003 702 1036 760 et

93 779 211 842 Matris
233 778 403 859 mysteria,
428 779 566 859 gaudia,
589 777 729 856 dolores,
746 780 945 861 triumphos,
962 778 1034 840 feli-

93 860 189 922 cibus
209 859 325 921 reddat
347 859 444 922 sertis
457 877 625 939 connexa.
641 859 719 934 Quae
740 859 853 922 fideles
874 860 1035 941 mysteria

94 943 243 1018 augusta
263 939 367 1017 sipia
388 939 667 1002 commentatione
689 957 730 1002 ex
751 940 867 1003 ordine
888 939 1035 1002 recolant

94 1024 126 1083 et
142 1020 418 1099 contemplentur,
433 1021 554 1083 mirum
576 1023 738 1100 quantum
760 1020 946 1101 adjumenti
967 1022 1035 1081 tra-

94 1101 172 1164 here
194 1099 257 1162 sibi
279 1104 418 1180 possunt
449 1104 521 1162 turn
553 1100 595 1162 ad
626 1100 725 1163 fidem
755 1100 910 1163 alendam
938 1103 971 1162 et
992 1099 1033 1162 ab

92 1179 285 1259 ignorantia
300 1185 359 1242 aut
374 1197 523 1243 errorum
537 1183 630 1260 peste
645 1181 831 1261 tutandam,
847 1181 1035 1244 tumetium

93 1263 136 1323 ad
158 1261 317 1323 virtutem
345 1261 449 1323 animi
482 1261 695 1324 relevandam
728 1265 761 1325 et
792 1261 1032 1340 sustinendam.

93 1342 165 1403 Hoc
187 1341 309 1404 etenim
332 1340 430 1403 modo
451 1342 579 1407 orantis
605 1342 766 1420 cogitatio
797 1346 831 1404 et
860 1341 1032 1421 memoria,

92 1421 170 1484 fidei
193 1423 320 1484 lumine
340 1423 553 1501 praelucente,
570 1421 667 1484 adea
688 1422 847 1502 mysteria
864 1420 1034 1502 jucundis·

93 1504 177 1565 simo
200 1502 312 1564 studio
333 1503 498 1577 feruntur,
523 1503 558 1564 in
590 1502 703 1582 eisque
724 1506 757 1565 et
779 1502 894 1564 defixae
916 1506 950 1565 et
971 1501 1034 1564 dis-

92 1585 275 1661 currentes,
311 1584 391 1644 satis
421 1583 580 1645 admirari
612 1600 679 1646 non
716 1587 844 1663 queunt
872 1583 1034 1645 restitutas

92 1663 250 1726 humanae
270 1665 386 1725 salutis
408 1662 629 1725 inenarrabile
649 1680 744 1744 opus,
757 1666 827 1725 tarn
848 1663 946 1742 largo
960 1679 1034 1742 pre·

92 1744 139 1806 tio
161 1760 338 1822 rerumque
361 1747 532 1805 tantarum
553 1745 636 1806 serie
651 1743 849 1806 confectum:
866 1747 939 1805 turn
954 1759 1032 1805 vero

92 1825 225 1886 animus
256 1840 353 1901 super
374 1824 428 1885 his
449 1824 599 1886 caritatis
627 1823 748 1886 divinae
770 1823 979 1901 argumentis
1000 1840 1033 1884 a·

92 1921 186 1968 more
206 1907 238 1966 et
260 1905 370 1981 gratia
392 1904 588 1979 exardescit,
611 1921 702 1984 spem
725 1904 899 1967 confirmat
919 1907 952 1966 et
973 1920 1033 1964 au-

93 1988 163 2062 get,
188 1984 329 2064 cupidus
349 1990 562 2064 arrectasque
583 1985 624 2047 ad
647 1985 791 2048 caelestia
811 1985 969 2064 pramis,
993 1983 1033 2046 iis

93 2083 113 2126 a
128 2063 258 2126 Christo
280 2068 395 2143 parata
418 2066 472 2145 qui
488 2083 522 2126 se
544 2064 708 2145 adipsum
724 2064 910 2127 imitatione
925 2071 1033 2126 exem-

92 2144 140 2224 pli
162 2148 194 2206 et
214 2145 446 2208 communione
468 2145 619 2207 dolorum
640 2145 865 2225 adjunxerint.
882 2146 961 2208 Haec
982 2145 1033 2207 in-

92 2233 145 2286 ter
177 2224 328 2287 funditur
358 2225 471 2288 verbis
501 2226 659 2305 precatio,
681 2227 722 2288 ab
744 2225 816 2305 ipso
837 2226 990 2304 Domino,
1012 2243 1034 2286 a

92 2305 248 2367 Gabriele
278 2305 502 2384 Archangelo,
529 2306 570 2368 ab
599 2305 746 2368 Ecclesia
776 2306 921 2368 tradita:
945 2322 1031 2386 quae,

92 2387 194 2466 plena
221 2386 358 2448 laudum
391 2390 425 2448 et
455 2386 653 2449 salutarium
675 2390 840 2465 votorum,
864 2389 952 2450 certo
974 2403 1033 2448 va·

91 2467 210 2546 rioque
231 2467 345 2529 ordine
367 2466 488 2529 iterata
508 2468 715 2546 continuata,
730 2483 834 2529 novos
855 2483 960 2547 usque
977 2465 1035 2528 ha·

93 2546 152 2610 bet
172 2545 350 2628 dulcesque
371 2546 501 2609 fructus
521 2547 666 2627 pietatis.

134 2627 294 2701 Magnam
326 2630 440 2689 autern
471 2626 661 2706 hujusmodi
685 2625 869 2708 precationi
894 2625 1036 2688 oaeiastis

91 2707 168 2786 ipsa
189 2707 320 2785 Regina
341 2708 500 2787 adjecisse
514 2708 675 2769 virtutem
697 2707 769 2769 ideo
791 2705 955 2768 credenda
974 2708 1035 2782 est,

92 2785 183 2868 quod
204 2804 264 2849 suo
286 2789 422 2850 numine
444 2792 476 2850 et
498 2787 662 2849 instinctu
680 2787 721 2850 ab
736 2786 851 2850 inclito
866 2790 959 2865 patre
974 2785 1037 2848 Do·
1124 2797 1126 2800 ·

91 2866 216 2931 minico
239 2868 371 2930 invecta
393 2868 436 2930 sit
464 2871 498 2929 et
519 2872 726 2948 propagata,
748 2885 806 2948 per
827 2870 961 2938 aetatem
982 2883 1037 2928 oa-

91 2948 220 3010 tholioo
252 2949 377 3010 nomini
409 2949 688 3027 adversissimam,
715 2947 928 3028 eamdemque
958 2947 1034 3009 huic

90 3032 217 3091 nostrae
238 3046 356 3110 parurn
378 3028 591 3104 dissimilem,
616 3029 710 3107 quasi
731 3027 887 3090 bellicum
908 3028 1035 3090 instru-

91 3113 244 3171 mentum
270 3110 311 3170 ad
333 3108 445 3171 hostes
466 3109 544 3172 fidei
565 3108 776 3171 debellandos
803 3107 1032 3188 praevalidum.

91 3188 190 3250 Secta
211 3190 298 3252 enim
322 3190 552 3266 Albigensium
581 3189 834 3268 haereticorum,
858 3207 923 3269 qua
943 3190 1035 3250 clan-

92 3268 238 3340 destina,
256 3288 323 3350 qua
344 3270 532 3347 manifesta,
550 3269 583 3331 in
599 3269 755 3348 regiones
769 3269 937 3330 invaserat
951 3267 1039 3329 mul-

91 3352 167 3428 tas,
193 3351 362 3412 teterrima
383 3350 643 3413 Manichaeorum
669 3349 867 3431 progenies,
893 3361 1035 3428 quorum

89 3431 257 3494 immanes
277 3431 442 3494 excitabat
463 3448 602 3508 errores,
619 3430 911 3509 simulationesque
926 3432 959 3490 et
974 3445 1035 3490 cm

91 3511 152 3574 des
174 3514 208 3572 et
229 3512 370 3591 capitale
393 3513 427 3573 in
447 3512 630 3574 Ecclesiam
646 3509 757 3574 odium
773 3509 873 3572 nimis
887 3509 1034 3571 multum
