2484 4178
518 277 559 285 -
580 241 660 302 3,-

111 351 220 428 cellit,
242 365 395 412 caussam
426 351 459 410 et
483 348 648 426 originem
680 348 783 412 abiis
805 352 976 414 venenatis
998 352 1056 416 do-

111 432 233 494 ctrinis
253 429 385 508 repetit,
408 446 482 507 quae
504 428 727 508 superioribus
747 432 953 510 temporibus
971 437 1056 495 tam-

114 527 221 594 quam
241 509 364 571 vitiosa
385 509 512 571 semina
524 507 649 570 medios
663 512 750 571 inter
764 512 904 591 populos
916 511 1057 590 diffusae,

114 597 188 654 tam
225 590 400 670 pestiferos
435 607 494 650 suo
528 595 678 667 tempore
716 589 846 652 fructus
883 591 1056 656 dederunt.

115 671 223 732 Probe
244 670 332 732 enim
354 669 478 747 nostis,
500 669 712 732 Venerabiles
733 669 885 750 Fratres,
909 673 1060 735 infensis-

116 753 244 814 simum
263 749 408 828 bellum,
433 751 520 829 quod
546 749 582 810 in
604 749 801 813 catholicam
823 751 923 814 fidem
943 752 1018 815 inde
1039 773 1059 814 a

117 833 241 894 saeculo
256 829 382 892 decimo
396 835 490 893 sexto
512 847 532 890 a
546 829 767 892 Novatoribus
780 837 982 896 commotum
996 838 1058 913 est,

118 919 154 974 et
176 927 277 990 quam
300 911 445 972 maxime
477 910 514 971 in*
542 909 611 972 dies
641 911 811 992 hucusque
841 913 996 994 invaluit,
1019 932 1058 976 eo

117 993 257 1054 tendere
280 997 329 1069 ut,
343 991 433 1052 omni
455 989 657 1052 revelatione
678 991 833 1054 submota
854 995 888 1054 et
909 995 1057 1074 quolibet

117 1071 368 1150 supernaturali
390 1070 504 1133 ordine
526 1071 706 1146 subverso,
730 1071 833 1135 solius
853 1076 990 1136 rationis
1011 1076 1060 1135 in-

117 1151 245 1228 ventis,
269 1168 328 1213 seu
360 1151 470 1229 potius
501 1150 744 1231 deliramentis,
778 1153 889 1214 aditus
919 1160 1057 1234 pateret.

118 1231 294 1311 Ejusmodi
317 1247 418 1310 error,
442 1229 500 1310 qui
522 1248 695 1312 perperam
717 1248 737 1292 a
758 1234 885 1296 ratione
914 1234 976 1297 sibi
1002 1253 1061 1297 no-

117 1326 199 1374 men
221 1317 372 1391 usurpat,
388 1327 464 1372 cum
485 1311 666 1372 excellendi
687 1314 910 1390 appetentiam
925 1320 1060 1377 natura-

118 1393 200 1455 liter
222 1390 349 1453 homini
370 1393 527 1452 insertam
549 1391 696 1470 pelliciat
718 1398 751 1453 et
764 1399 873 1472 acuat,
888 1396 1060 1474 omnisque

118 1472 257 1551 generis
277 1470 517 1551 cupiditatibus
546 1471 636 1533 laxet
657 1471 825 1550 habenae,
848 1479 966 1554 sponte
997 1493 1060 1537 sua

118 1569 189 1615 non
211 1551 309 1613 modo
330 1551 550 1630 plurimorum
571 1551 742 1613 homiuum
764 1559 913 1633 mentes,
937 1554 994 1617 sed
1015 1557 1061 1616 ci-

117 1633 224 1695 vilem
251 1632 350 1694 etiam
382 1631 573 1693 societatem
606 1632 767 1693 latissime
796 1634 952 1713 pervasit.
976 1637 1061 1696 Hinc

118 1729 211 1774 nova
227 1712 369 1790 quadam
391 1711 563 1791 impietate
577 1711 657 1791 ipsis
671 1713 725 1772 vei
740 1711 881 1776 ethnicis
895 1715 1058 1794 inaudita,

21 1819 23 1824 ¹
119 1792 317 1873 respublicae
339 1793 528 1854 constitutae
548 1794 637 1862 sunt,
661 1791 755 1854 nulla
786 1793 842 1854 Dei
875 1797 908 1855 et
936 1793 1060 1858 ordinis

119 1873 165 1935 ab
187 1889 227 1934 eo
247 1873 426 1952 praestituti
447 1871 561 1936 habita
582 1872 730 1934 ratione:
758 1873 928 1951 publicam
948 1880 1063 1937 aucto-

119 1953 257 2015 ritatem
278 1969 340 2014 nec
359 1952 572 2032 principium,
589 1969 651 2014 nec
671 1953 892 2032 majestatem,
910 1971 971 2017 nec
991 1955 1060 2018 vim

120 2032 310 2112 imperandi
331 2051 352 2093 a
373 2033 439 2095 Deo
454 2049 584 2095 sumere
599 2032 788 2095 dictitatum
802 2039 861 2097 est.
879 2035 935 2096 sed
951 2036 1062 2114 potius

120 2133 142 2176 a
164 2112 279 2192 populi
300 2112 532 2191 multitudine;
566 2129 639 2192 quac
670 2112 824 2192 abomni
849 2114 964 2178 divina
984 2133 1060 2178 san-

120 2193 235 2256 ctione
256 2194 399 2255 solutam
420 2210 455 2255 se
483 2192 674 2271 aestimans,
696 2193 736 2255 iis
757 2195 963 2258 solummodo
984 2197 1065 2274 legi-

120 2274 189 2336 bus
209 2273 345 2335 subesse
366 2291 464 2353 passa
484 2279 558 2348 est,
582 2289 665 2352 quas
685 2272 756 2354 ipsa
784 2274 826 2335 ad
854 2275 988 2339 libitum
1008 2283 1062 2337 tu·

120 2354 230 2416 lisset.
254 2386 292 2396 —-
313 2353 626 2433 supernaturalibus
647 2353 722 2414 fidei
743 2354 952 2431 veritatibus,
975 2361 1061 2418 tam-

122 2451 228 2514 quam
251 2433 370 2498 rationi
391 2432 548 2511 inimicis,
564 2433 771 2512 impugnatis
792 2440 825 2495 et
839 2434 983 2514 rejectis,
994 2436 1064 2514 ipse

121 2513 265 2576 humani
287 2513 420 2591 generis
441 2515 567 2576 Auctor
597 2530 636 2574 ao
668 2513 864 2592 Redemptor
894 2516 1064 2581 astudio-

121 2611 201 2656 rum
224 2592 515 2670 Universitatibus‚
538 2594 656 2674 Lyceis
681 2598 714 2655 et
735 2593 939 2674 Gymnasiis,
962 2602 1062 2676 atque

122 2675 168 2737 ab
190 2671 282 2735 omni
303 2673 437 2754 publica
456 2673 613 2736 humanae
632 2672 711 2736 vitae
731 2674 970 2736 consuetudine
991 2693 1064 2737 sen-

121 2755 191 2818 sim
212 2763 246 2816 et
265 2753 428 2833 paulatim
451 2753 586 2816 exulare
607 2753 752 2830 cogitur.
777 2789 814 2799 —
836 2755 971 2816 Futuras
992 2759 1073 2818 tans

122 2833 203 2897 dem
225 2842 425 2914 aeternaeque
446 2835 524 2896 vitae
544 2833 688 2912 praemiis
713 2851 752 2895 ac
767 2833 879 2913 ‘poenis
907 2835 1065 2898 oblivioni

122 2914 269 2984 traditis,
290 2912 460 2976 felicitatis
490 2913 610 2975 ardens
641 2913 838 2976 desiderium
869 2916 957 2976 intra
984 2933 1066 2995 prae-

120 2993 230 3057 sentis
260 2993 419 3074 temporis
450 2994 595 3073 spatium
626 2993 801 3056 definitum
826 3000 885 3057 est.
908 3031 949 3040 -
970 2996 1065 3058 Hisce

121 3073 285 3138 doctrinis
314 3075 415 3151 longe
446 3074 581 3154 iateque
612 3071 855 3153 disseminatis,
878 3075 941 3136 hac
972 3079 1066 3138 tanta

119 3153 298 3233 cogitandi
320 3152 508 3232 agendique
530 3153 666 3216 licentia
687 3153 808 3234 ubique
823 3158 930 3235 parta,
944 3157 1065 3217 mirum

119 3239 267 3297 nonest
289 3233 377 3314 quod
399 3233 522 3296 infimae
550 3234 649 3295 sortis
668 3234 833 3313 homines,
855 3235 1066 3316 paupercula

120 3315 246 3378 domus
267 3314 322 3376 vel
343 3312 485 3376 officinas
507 3314 661 3394 pertaesi,
685 3315 719 3376 in
740 3314 827 3377 aedes
858 3319 891 3377 et
914 3316 1067 3378 fortunas

120 3395 288 3459 ditiorum
308 3393 459 3456 involare
480 3393 681 3476 discupiant;
696 3395 820 3457 mirum
834 3413 902 3457 non
916 3399 965 3457 est
979 3393 1066 3475 quod

119 3476 219 3541 nulla
239 3473 310 3554 jam
333 3474 473 3553 publicae
500 3475 703 3556 privataeque
734 3475 812 3538 vitoe
842 3477 1065 3556 tranquillitas
