2554 4182
442 284 563 346 -307
586 317 625 330 —

57 389 182 452 teribus
208 406 324 452 eorum
345 389 479 453 casibus
502 407 590 470 saepe
611 391 726 470 imago
747 391 858 455 inerat
877 393 1001 456 verita.-

58 470 103 531 tis
131 468 272 548 futurae3
294 471 359 532 nisi
391 471 480 551 quod
507 472 609 549 longe
631 469 814 550 maioribus
834 473 1004 536 beneficiis

56 549 153 611 auxit
172 568 233 612 nos
246 553 347 630 atque
362 551 494 613 ornavit
508 551 623 613 divina
638 551 840 630 benignitas,
857 553 898 616 ob
913 571 1003 616 eam-

58 645 124 708 que
143 647 213 692 rem
234 631 361 709 ingrati
388 631 492 693 animi
512 631 638 694 crimen
661 633 768 695 multo
791 632 892 694 efficit
914 632 1002 695 chri·

57 711 243 774 stianorum
263 710 423 789 graviora
444 711 577 774 delicta.

96 791 246 852 Ecclesia
265 790 399 871 quidem
418 793 513 869 nullo
540 795 688 870 tempore
715 792 876 871 nulloque
903 793 1002 855 modo

58 869 222 934 deseritur
251 889 273 932 a
302 871 387 934 Deo:
420 889 523 952 quare
554 872 636 934 nihil
666 874 735 942 est,
760 870 848 952 quod
875 872 937 935 sibi
959 873 1001 936 ab

56 950 230 1013 hominum
251 952 373 1014 scelere
394 956 539 1016 metuat:
563 956 598 1014 at
617 969 697 1015 vero
719 951 1003 1031 degenerantibus

58 1048 76 1092 a
99 1030 283 1094 christiana
304 1031 429 1095 virtute
450 1032 644 1096 nationibus
664 1050 732 1094 non
753 1031 868 1095 eadem
893 1038 1003 1114 potest

58 1128 126 1172 esse
146 1112 318 1174 securitas.
335 1118 484 1175 Miseros
505 1113 594 1175 enim
614 1115 704 1187 facit
722 1117 869 1190 populos
880 1130 1003 1190 pecco·

60 1192 131 1252 tam
152 1193 176 1255 ¹.
206 1227 247 1236 -
274 1191 377 1272 Cujus
399 1194 467 1255 vim
498 1193 740 1272 veritatemque
769 1195 943 1258 sententiae
973 1195 1003 1257 si

59 1272 162 1334 omnis
197 1275 287 1334 retro
318 1276 457 1353 experta
484 1277 534 1336 est
564 1278 662 1350 aetaS,
687 1271 768 1354 quid
796 1277 847 1337 est
873 1292 1003 1337 caussae

58 1351 271 1430 quamobrem
299 1358 415 1416 nostra
445 1370 513 1416 non
541 1352 756 1433 experiatur?
779 1355 850 1416 Imo
875 1355 1003 1417 debitas

54 1431 121 1508 jam
147 1432 274 1494 instare
294 1450 421 1513 poenas,
444 1435 612 1512 permulta
633 1433 825 1513 declarant,
848 1432 1002 1514 idemque

56 1518 160 1574 status
192 1512 264 1591 ipse
294 1513 471 1576 confirmat
501 1513 693 1593 civitatum;
716 1530 859 1593 quarum
888 1513 1002 1592 plures

56 1592 210 1654 videlicet
230 1591 397 1656 intestinis
417 1593 518 1656 malis
532 1594 677 1672 attritas,
693 1593 822 1654 nullam
843 1593 885 1655 ab
907 1595 999 1656 omni

58 1678 145 1748 parte
168 1675 279 1735 tutam
294 1672 455 1736 videmus.
479 1673 571 1748 Quod
593 1675 621 1737 si
642 1674 868 1752 improborum
883 1672 1001 1736 factio-

57 1768 110 1812 nes
131 1753 327 1815 institutum
348 1753 412 1816 iter
432 1754 590 1816 audacter
618 1753 842 1833 perrexerint:
865 1754 890 1814 si
923 1771 1000 1816 cve-

57 1833 138 1894 nerit
159 1833 202 1894 iis
223 1839 283 1910 nt,
306 1834 585 1912 quamadmodum
607 1841 807 1912 grassantur
828 1832 926 1895 malis
946 1852 999 1898 ar·

56 1912 142 1976 tibus
167 1915 202 1975 et
232 1913 345 1993 pejore
372 1915 556 1994 proposito,
578 1913 625 1976 sic
646 1913 764 1992 opibus
785 1913 1000 1994 potentiaque

57 1991 273 2073 invalescant,
295 1995 510 2057 metuendum
532 2011 612 2057 sane
633 2011 674 2056 ne
695 1997 783 2055 totas
804 1993 958 2056 civitates
980 2014 999 2056 a

56 2070 289 2153 fundamentis,
313 2092 387 2154 quae
417 2076 531 2154 posuit
561 2082 702 2150 natura,
726 2074 929 2136 convellant.
959 2109 999 2120 —

57 2153 168 2234 Neque
200 2171 280 2217 vero
307 2155 476 2234 prohiberi
504 2157 607 2217 tantae
633 2153 827 2216 formidines
847 2156 918 2217 sola
939 2155 999 2218 ho-

58 2234 183 2296 minum
213 2251 275 2296 oc
307 2240 466 2314 possunt,
489 2235 673 2315 praesertim
707 2235 787 2314 quia
818 2236 998 2297 multitudo
1033 2290 1037 2294 .

58 2311 196 2392 ingens,
245 2314 285 2376 de
316 2314 499 2380 christiana
530 2314 677 2395 rejecta,
697 2315 809 2394 justas
836 2315 999 2394 superbiae

57 2409 168 2469 poenas
189 2395 225 2456 in
245 2394 310 2456 hoc
330 2395 414 2473 luit,
438 2395 526 2474 quod
548 2395 721 2457 veritatem
749 2395 915 2456 obcaecata
941 2413 999 2457 cu·

55 2472 248 2550 piditatibus
268 2473 392 2537 frustra
412 2476 600 2555 conquirit,
623 2475 711 2537 falsa
730 2491 790 2553 pro
818 2475 906 2535 veris
927 2492 998 2535 am·

56 2554 217 2629 plexatur,
240 2554 369 2634 sibique
390 2555 521 2618 videtur
535 2573 648 2636 sapere
662 2573 738 2617 cum
753 2558 853 2615 vocat
866 2559 996 2616 malum

58 2635 188 2712 bonum,
210 2636 242 2698 et
265 2637 389 2697 bonum
403 2641 544 2714 molum,
556 2652 685 2716 ponens
701 2637 859 2696 tenebras
874 2639 993 2711 laicam,

57 2716 85 2773 et
105 2721 217 2777 lacem
240 2716 399 2777 tenebras
413 2717 437 2779 ².
455 2717 566 2795 Igitur
587 2715 675 2776 Deus
689 2715 832 2791 intersit,
849 2731 888 2775 ac
901 2714 996 2777 beni-

57 2786 191 2868 gnitatis
213 2813 282 2858 suae
304 2811 430 2857 memor
451 2796 582 2859 civilem
604 2795 776 2857 hominum
801 2793 994 2856 societatem

55 2875 207 2954 respiciat
229 2892 363 2937 necesse
384 2877 445 2938 est.
468 2876 699 2954 Quamobrem,
716 2874 804 2955 quod
818 2873 996 2935 vehemen-

55 2957 99 3015 ter
118 2956 205 3018 alias
225 2955 352 3018 hortati
373 2972 500 3033 sumus,
522 2956 690 3034 singulari
711 2954 820 3015 studio
842 2958 996 3016 constan·

56 3034 160 3116 tiaqne
193 3035 409 3112 enitendum,
433 3041 471 3097 ut
501 3036 676 3099 clementia
704 3035 819 3096 divina
843 3035 995 3097 obsecra-

54 3113 136 3178 tione
158 3115 278 3178 humili
292 3120 457 3193 exoretur,
481 3115 695 3196 virtutesque,
712 3115 832 3195 quibus
852 3115 995 3176 efficitur

56 3194 117 3258 vita
147 3196 354 3275 christiana,
377 3200 586 3275 revocentur.
621 3231 658 3241 -
683 3195 850 3273 Imprimis
882 3199 994 3255 autem

56 3272 228 3338 excitanda
249 3294 288 3338 ac
310 3275 433 3339 tuenda
454 3277 575 3338 caritas
598 3279 669 3354 est,
694 3293 767 3355 quae
788 3275 994 3354 praecipuum

57 3355 128 3418 vitae
160 3356 352 3418 christianae
383 3356 632 3419 firmamentum
663 3356 833 3433 continet,
862 3360 895 3416 et
924 3354 995 3415 sine

83 3530 91 3563 ¹
107 3531 248 3585 Proverb.
266 3548 322 3596 x1v,
339 3532 378 3584 34.
546 3532 609 3583 ῃΙε.
625 3549 652 3595 v,
667 3533 706 3584 20.
