2576 4180
567 279 747 341 —228-

185 385 283 453 modo
306 402 373 449 non
400 383 676 465 repugnantibus,
703 383 760 447 sed
785 382 1069 448 consentientibus
1084 382 1125 444 li-

184 467 403 548 bentibusque
416 465 624 546 principibus
647 467 679 526 et
702 463 844 544 populis.
867 464 1013 545 (tumque
1028 467 1123 542 opta-

185 550 253 613 bile
267 546 435 610 videretur
450 545 572 608 Vicerii
584 545 604 606 J
607 561 665 607 esu
676 544 797 607 Christi
812 544 1045 624 patrocinium,
1056 560 1125 605 non

185 647 262 692 raro
276 645 339 691 usu
354 626 506 690 veniebat
519 624 704 706 praesertim
728 625 763 687 in
789 624 895 697 ltalia,
919 630 957 686 ut
980 624 1023 686 ad
1047 641 1125 687 eum

185 710 278 772 velut
292 707 335 771 ad
348 709 519 788 parentem
527 705 702 848 tpublicum
716 705 937 783 confugerent
959 705 1124 783 civitates,

186 789 357 869 eidemque
372 804 442 850 sese
451 786 487 848 in
502 786 524 848 ii
548 803 601 848 em
615 788 733 864 sponte
743 803 803 848 sua
813 784 982 848 traderent
992 789 1127 848 etcom-

185 869 392 933 mendarent.
408 865 549 930 Domina
573 865 761 928 animorum
785 865 957 944 religione,
986 867 1128 944 Aposto-

185 950 252 1012 lica
275 947 375 1011 Sedes
399 946 536 1026 perinde
561 945 746 1010 habebatur
769 963 809 1009 ac
829 945 1126 1026 propugnaculum

182 1029 334 1110 justitiae,
351 1030 385 1091 et
397 1027 617 1090 infirmiorum
632 1026 739 1089 tutela
749 1025 907 1088 adversus
918 1025 1059 1106 injurias
1070 1027 1142 1107 po-''

185 1110 379 1175 tentiorum.
403 1109 445 1170 Et
472 1107 535 1170 hoc
563 1105 696 1188 quidem
723 1123 799 1168 cum
827 1123 953 1185 magna
979 1107 1128 1168 utilitate

186 1189 369 1253 communi:
393 1187 457 1249 hac
470 1187 559 1250 enim
574 1187 701 1251 ratione
714 1186 842 1249 factum
856 1189 917 1266 est,
934 1190 973 1249 ut
988 1185 1127 1249 Pontifi-

186 1270 281 1334 cibus
295 1267 488 1331 auctoribus
503 1267 675 1347 diremptae
689 1283 776 1346 saepe
793 1267 862 1329 sint
875 1267 1125 1345 controversia,

186 1349 293 1414 sedati
317 1348 495 1422 tumultus
520 1347 660 1411 sublatae
684 1346 865 1426 discordiae,
890 1346 978 1409 bella
990 1363 1127 1428 compo·

187 1431 261 1494 sita.
284 1430 385 1490 —In
412 1427 475 1491 hoc
502 1430 615 1491 tamen
643 1426 836 1506 magisterio
850 1427 1063 1569 {opulorum
1088 1443 1128 1488 ae

187 1527 270 1590 pene
285 1509 461 1586 dictatura,
478 1525 576 1571 nemo
587 1509 752 1572 Romanos
763 1508 858 1570 Ponti
884 1523 938 1570 ces
945 1523 1022 1586 Jure
1032 1524 1129 1570 coar·

187 1593 269 1669 guet
282 1589 410 1669 imperii
424 1588 477 1651 sui
492 1589 546 1651 vel
560 1605 638 1670 opes
651 1603 789 1667 augere,
810 1588 864 1651 vel
879 1587 963 1650 fines
976 1587 1128 1670 prolerre

187 1670 503 1734 voluissesOmnem
531 1673 730 1749 potestatem
755 1685 851 1731 suam
885 1668 966 1731 illuc
992 1684 1127 1747 semper

189 1753 426 1814 converterunt
440 1753 478 1812 ut
492 1749 683 1812 civitatibus
704 1747 912 1829 prodessent:
938 1765 1000 1812 nec
1023 1748 1129 1812 semel

187 1832 335 1912 ipsorum
348 1847 449 1911 opera
462 1832 495 1892 et
509 1829 664 1910 auspiciis
679 1829 777 1891 Italia
801 1827 1002 1911 impetravit,
1018 1833 1058 1892 ut
1073 1829 1128 1891 vel

186 1916 401 1974 externorum
424 1910 571 1972 hostium
597 1910 870 1990 propulsarentur
893 1908 1126 1989 incursiones,

189 1993 243 2054 vel
257 1990 514 2054 domesticorum
528 1990 793 2052 adversariorum
812 1989 1007 2052 turbulenta
1020 1989 1128 2052 ambi·

188 2071 236 2134 tio
250 2070 472 2148 frangeretur.
498 2070 603 2145 Quam
627 2068 668 2132 ad
692 2087 760 2132 rem
782 2070 946 2150 sapienter
959 2074 993 2132 et
1006 2086 1127 2151 oppor-

187 2154 279 2230 tune,
294 2149 508 2214 venerabiles
521 2151 653 2212 Fratres
678 2153 711 2213 et
732 2149 849 2212 Dilecti
872 2149 960 2229 Filii,
980 2167 1127 2214 comme-

187 2231 307 2293 morati
321 2246 343 2292 a
356 2230 458 2293 Vobis
471 2234 552 2293 sunt
565 2229 750 2310 Gregorius
765 2230 839 2306 VII,
856 2231 1043 2293 Alexander
1057 2231 1125 2310 Ili,

187 2309 402 2388 Innocentius
417 2311 479 2389 ΙΙΙ,
496 2311 681 2388 Gregorius
697 2311 754 2386 IX,
773 2311 983 2373 innocentius
999 2310 1045 2372 IV
1060 2311 1123 2373 De·

187 2407 331 2453 cessores
346 2391 471 2467 Nostri,
487 2391 545 2470 qui
558 2394 745 2453 exterarum
760 2391 915 2469 gentium
929 2389 1126 2454 dominatioss

187 2489 264 2534 nem
277 2470 376 2534 rebus
388 2471 509 2533 italicis
523 2471 644 2552 saepius
656 2470 884 2534 imminentem
899 2469 1077 2552 prudentia
1091 2474 1125 2534 et

190 2551 387 2615 fortitudine
401 2568 531 2614 summa
543 2550 795 2632 prohibuerunt.

226 2632 319 2708 Quod
341 2631 382 2695 ad
404 2631 549 2695 Siciliam
572 2635 718 2694 vestram
738 2631 895 2710 pertinet,
916 2630 994 2694 fidei
1014 2637 1047 2695 et
1060 2632 1125 2716 pie·

185 2711 248 2774 tati
263 2713 336 2791 ejus
349 2713 383 2775 in
398 2713 484 2775 hanc
499 2712 723 2792 Apostolicam
737 2711 851 2774 Sedem
865 2714 1006 2792 paterna
1027 2712 1123 2776 bene-

186 2793 335 2855 volentia
349 2792 545 2855 Pontificum
562 2796 676 2854 mutue
690 2793 926 2874 cumulateque
941 2791 1122 2872 respondit.

187 2872 316 2935 Revera
338 2873 484 2952 ipsorum
509 2872 656 2934 consiliis
680 2872 942 2953 vigilantiaque,
968 2889 1036 2936 non
1057 2891 1126 2936 me-

187 2951 291 3014 diocri
304 2970 346 3014 ex
359 2957 453 3031 parte
468 2951 565 3016 siculi
581 2952 703 3015 debent
742 2951 809 3015 uod
832 2953 1003 3034 potuerint
1028 2955 1124 3016 Sara-

186 3049 304 3094 cenam
324 3031 518 3095 servitutem
541 3031 701 3110 effugere.
758 3037 930 3114 ratamque
957 3032 1060 3096 etiam
1090 3037 1128 3095 et·

186 3128 318 3254 ituit
345 3110 897 3256 ¹leuticiisisitii
923 3113 1126 3256 {inliti}

186 3207 561 3353 Gouradiglmperatoris
582 3272 722 3351 obitum,
745 3211 910 3337 szmmem
924 3209 1123 3354 impe’riippe-

186 3369 246 3415 nes
267 3353 485 3434 municipium
506 3369 577 3415 esse
598 3352 736 3496 Slacuit.
759 3355 836 3418 Post
867 3359 979 3418 autem
1000 3355 1030 3418 si
1051 3353 1122 3417 (ile-

185 3449 281 3495 mens
302 3433 348 3494 IV
369 3432 523 3496 Carolum
544 3434 595 3495 An
619 3449 819 3512 egevensem
840 3436 977 3498 solemni
992 3435 1061 3498 ritu
1076 3433 1123 3497 Si·

185 3512 270 3576 cilioe
284 3529 400 3592 regem
411 3514 606 3595 appellavit,
619 3530 679 3576 cur
694 3515 845 3578 Pontifex
861 3514 1122 3595 reprehendatur
