2554 4182
575 257 757 318 -294..

197 364 231 425 et
260 362 399 425 consilia
428 361 643 440 franguntur.
672 363 757 424 Sunt
784 364 945 441 praeterea
964 361 1143 425 christiani
1269 413 1270 426 ,

197 442 240 505 ad
260 441 504 506 dimicationem
526 443 617 505 nati:
640 441 824 522 cujusquo
848 442 956 520 major
984 447 1035 505 est
1064 442 1141 521 vis,

197 539 236 586 eo
255 521 389 600 certior,
412 523 480 585 Deo
501 522 696 601 opitulante,
710 522 862 585 victoria.
882 524 1062 602 considite,
1077 538 1141 600 epo

196 606 267 665 cici
279 607 447 666 mundum
460 601 483 664 1.
497 601 611 684 Neque
622 604 672 664 est
686 601 775 682 quod
789 607 935 696 opponet
949 603 1140 684 quisquam,

195 682 351 746 Ecclesiae
371 688 640 746 conservatorem
664 699 703 744 ac
724 681 888 745 vindicem
908 683 1025 746 Jesum
1045 683 1142 746 Chri·
1270 705 1271 718 ³

193 767 282 825 stum
312 780 525 844 nequaquam
556 779 657 844 opera
682 761 856 826 hominum
877 761 1039 841 indigere.
1063 763 1141 826 Non

192 842 283 906 enim
313 843 426 923 inopia
459 843 602 920 virium,
630 841 687 905 sed
714 841 948 922 magnitudine
976 842 1140 906 bonitatis

193 924 269 987 vult
298 923 355 986 ille
386 927 425 985 ut
452 921 579 1004 aliquid
599 941 620 985 a
640 922 735 985 nobis
754 921 945 985 conferatur
965 940 985 985 o
1009 940 1075 986 erae
1096 921 1141 986 ad

192 1002 321 1082 salutis,
368 1021 446 1067 uam
470 1003 540 1083 ipse
571 1003 709 1083 peperit,
733 1001 929 1066 obtinendos
954 1021 973 1065 a
999 1003 1138 1082 ’piscen-

198 1081 323 1164 dosque
343 1020 482 1146 ductus.

233 1163 380 1242 Hujusce
410 1166 521 1242 partes
546 1162 645 1226 officii
674 1162 789 1243 primae
812 1164 913 1240 sunt,
936 1162 1140 1227 catholicam

193 1241 378 1305 doctrinam
399 1242 547 1322 profiteri
568 1248 681 1322 aperte
703 1246 736 1305 et
755 1245 958 1320 constanter,
982 1259 1137 1323 eamque,

194 1321 304 1415 quoad
325 1323 462 1404 quiaque
482 1326 602 1402 potest,
616 1340 821 1466 <propagare.
845 1324 942 1402 Nam,
966 1322 1055 1404 quod
1076 1340 1140 1386 sae-

191 1418 268 1481 prus
288 1408 339 1464 est
361 1403 596 1484 verissimeque
640 1405 766 1483 ictum,
788 1403 981 1466 christianae
1003 1402 1140 1484 quidem

193 1482 1139 1644 teithileit⁵iretullltll0tttt:

192 1659 246 1705 res
267 1643 369 1723 probe
389 1646 560 1724 percepta:
583 1660 685 1724 quam
705 1645 732 1704 si
752 1660 846 1706 mens
867 1643 1043 1724 arripuerit
1057 1643 1139 1706 sim-

195 1723 274 1802 plex
304 1723 595 1805 praeJudioatisque
625 1740 693 1786 non
720 1722 880 1787 adstricta
903 1722 1139 1804 opinionibus,

193 1805 440 1868 assentiendum
473 1820 545 1866 esse
575 1803 662 1866 ratio
692 1803 896 1883 pronuntiat.
929 1805 1025 1866 Nunc
1056 1820 1139 1866 vero

190 1882 268 1946 fidei
290 1884 397 1947 virtus
417 1883 544 1963 grande
566 1901 688 1946 munus
708 1887 758 1946 est
778 1883 899 1961 gratiae
912 1881 1141 1963 bonitatisque

192 1963 331 2028 divinae:
353 1981 407 2026 res
432 1967 545 2027 tamen
564 1964 655 2044 ipsae‚
678 1963 798 2044 quibus
823 1963 1009 2026 adhibenda
1029 1961 1138 2042 fideS,

187 2061 254 2106 non
286 2044 351 2106 alio
383 2045 450 2106 iere
480 2044 579 2108 modo
610 2059 712 2124 quam
742 2043 907 2106 audiendo
935 2046 1135 2105 noscuntur.

189 2127 359 2192 Quomodo
381 2126 521 2187 credent
542 2130 586 2203 ei,
608 2140 709 2199 quem
729 2140 802 2186 noo
815 2125 1030 2187 audierunt?
1047 2127 1140 2191 Quo-

189 2208 288 2266 modo
323 2205 440 2267 aurem
460 2205 603 2268 audient
625 2209 701 2266 sine
721 2204 1001 2280 procreantes..
1035 2208 1138 2280 Erpa

191 2284 276 2355 lidos
297 2301 343 2347 eor
360 2285 496 2363 auditu,
512 2286 655 2347 additus
669 2285 787 2348 autem
801 2285 1019 2360 perverbum
1036 2287 1141 2346 Chri-

191 2367 240 2427 stt
260 2367 283 2426 2.
306 2364 469 2439 Quoniam
491 2365 597 2442 igitur
617 2363 701 2426 fides
723 2369 774 2426 est
795 2364 837 2426 ad
858 2365 1002 2427 salutem
1023 2379 1142 2425 neces-

191 2444 290 2520 saria,
313 2445 449 2508 omnino
469 2443 642 2524 praedicari
663 2444 803 2507 verbum
824 2444 945 2506 Christi
966 2442 1141 2523 consequi·

191 2530 247 2586 tur
267 2530 428 2606 oportere.
446 2524 597 2588 Profecto
609 2523 824 2603 praedicandi,
840 2523 904 2587 hoc
919 2527 969 2587 est
983 2521 1138 2600 docendi,

189 2622 312 2668 munus
328 2605 405 2685 jnre
426 2604 541 2668 divino
562 2620 663 2684 penes
683 2603 865 2682 magistros
883 2607 945 2684 est,
963 2620 1046 2683 quos
1061 2606 1142 2680 Spi-

190 2686 284 2748 retus
305 2687 455 2749 sanctos
467 2686 586 2762 posuit
602 2689 791 2760 Episcopos
804 2700 927 2762 repere
943 2687 1142 2748 Ecclesiam

193 2769 257 2828 Dei
267 2767 292 2845 ³,
306 2765 517 2846 maximeque
530 2780 631 2845 penes
642 2764 837 2827 Pontificem
852 2780 1038 2840 romanum,
1054 2763 1075 2824 J
1077 2779 1142 2826 esu

194 2845 315 2907 christi
335 2845 520 2925 vicarium,
541 2843 700 2907 Ecclesiae
720 2844 886 2907 universae
906 2859 1037 2906 summa
1060 2858 1143 2905 cum

193 2928 359 3006 potestate
387 2925 623 3018 praepositum,
651 2923 901 3005 credendorum,
927 2921 1141 3002 agendorum

194 3005 407 3083 magistrum.
430 3005 654 3068 Nihilominus
674 3022 771 3067 nemo
798 3007 915 3083 putet,
938 3001 1142 3066 industriam

195 3085 392 3147 nonnullam
414 3086 529 3148 eadem
549 3085 586 3147 in
599 3101 635 3146 re
656 3101 778 3166 ponere
796 3084 946 3164 privatos
959 3082 1139 3164 prohiberi,

194 3182 250 3228 eos
271 3165 490 3244 nominatim,
513 3165 634 3246 quibus
664 3164 792 3244 ingenii
823 3164 1019 3227 facultatem
1049 3163 1141 3226 Deus

196 3262 273 3309 cum
304 3246 414 3309 studio
434 3246 517 3308 bene
548 3244 694 3308 merendi
718 3243 822 3308 dedit:
846 3245 915 3326 qui,
938 3243 1066 3325 quoties
1088 3259 1141 3305 res

228 3449 237 3483 ¹
254 3449 301 3501 Jo.
318 3450 430 3513 xv1‚83.
701 3448 713 3482 ²
729 3447 812 3500 Rom.
830 3462 856 3512 x,
873 3448 912 3510 14,
928 3447 966 3498 17.

228 3512 239 3546 ⁸
255 3514 321 3564 Act.
337 3528 384 3576 xx,
399 3513 440 3562 28.
