2484 4178
437 254 597 313 „77-

72 363 98 422 et
110 359 184 421 varii
196 359 417 438 consecuturi,
434 361 461 420 si
483 357 580 422 modo
602 375 700 420 suum
722 367 834 437 partes
848 361 992 437 singulae

72 440 197 518 gradum
217 444 391 519 tenerent,
417 447 517 520 atque
544 439 627 501 illud
654 439 785 518 integre
814 440 993 521 efficerent,

70 521 113 582 cui
131 536 334 600 unaquaque
354 519 533 599 praeposita
553 523 614 596 est,
631 519 776 582 officium
799 524 831 581 et
852 538 985 583 munus.

75 636 101 646 -
118 601 237 663 Revera
257 601 295 661 in
313 617 362 672 ea,
377 617 477 680 quam
491 603 570 661 ante
584 599 740 677 dirimire,
755 601 994 663 constitutione

71 679 262 760 reipublicae,
289 685 370 742 sunt
402 679 537 760 quidem
568 679 683 740 divina
714 683 816 758 atque
847 680 995 742 humana

72 760 265 823 convenienti
287 761 401 823 ordine
422 759 557 838 partita:
573 759 755 821 incolumia
770 760 891 822 civium
902 759 993 840 jura,

71 839 236 921 eademque
256 839 457 913 divinarum,
474 839 690 916 naturalium,
707 840 996 920 humanarumque

72 920 170 998 legum
191 920 376 1000 patrocinio
398 919 555 983 defensa:
578 919 763 981 officiorum
784 921 995 997 singulorum

70 1017 133 1061 cum
153 1002 320 1081 sapienter
347 1001 530 1062 constituta
558 999 748 1080 descriptio,
775 1002 847 1062 tum
876 1017 995 1079 oppor-

70 1083 136 1142 tune
155 1082 283 1143 sancita
304 1080 466 1142 custodia.
489 1080 623 1158 Singuli
643 1079 795 1142 homines
815 1079 849 1140 in
871 1079 934 1141 hoc
953 1078 994 1141 ad

71 1161 289 1238 sempiternam
319 1161 411 1222 illam
442 1160 612 1221 civitatem
644 1159 744 1221 dubio
765 1159 995 1241 laboriosoque

71 1241 216 1304 curriculo
237 1239 299 1303 sibi
323 1241 434 1302 sciunt
489 1244 585 1302 raesto
606 1257 698 1318 esse,
725 1257 809 1320 quos
841 1245 914 1302 tuto
945 1257 995 1303 se

71 1325 198 1398 quantur
219 1320 262 1382 ad
283 1258 536 1398 ingrediendum
552 1319 664 1398 duces,
680 1320 721 1381 ad
736 1319 994 1398 perveniendum

71 1399 242 1479 adjutores:
266 1401 455 1481 pariterque
476 1399 694 1477 intelligunt,
722 1400 785 1462 sibi
816 1402 899 1462 alios
923 1417 994 1462 esse

71 1479 103 1540 ad
119 1481 342 1557 securitatem,
362 1481 406 1543 ad
427 1480 589 1557 fortunas,
611 1479 654 1541 ad
675 1480 849 1542 commoda
873 1485 991 1556 cetera,

71 1559 174 1637 quibus
194 1561 382 1623 communis
403 1561 474 1623 haec
495 1560 565 1622 vita
586 1563 728 1634 constat,
756 1561 810 1622 vel
834 1560 995 1639 parienda

71 1641 113 1701 vel
131 1639 359 1704 conservanda
376 1640 482 1703 datos.
496 1639 698 1702 -Societas
714 1640 895 1703 domestica
908 1657 993 1718 eam,

19 1739 22 1792 j
72 1735 156 1798 quam
175 1738 237 1800 par
259 1726 319 1798 est,
346 1719 586 1783 firmitudinem
614 1719 810 1799 adipiscitur
832 1739 872 1783 ex
893 1721 995 1781 unius

19 1803 22 1890 ζ
72 1805 155 1878 atque
175 1800 341 1863 individui
362 1800 539 1864 sanctitate
557 1799 718 1879 coniugii:
733 1799 812 1879 Jura
824 1799 996 1880 officiaque

19 1915 21 1938 1
70 1877 144 1942 inter
156 1879 318 1960 conjuges
339 1880 484 1960 sapienti
501 1880 634 1959 justitia
655 1887 688 1941 et
702 1880 858 1960 aequitate
873 1897 997 1958 regun-

70 1960 123 2022 tur:
145 1960 293 2023 debitum
313 1964 530 2023 conservatur
552 1960 683 2022 mulieri
705 1960 826 2022 decus:
849 1961 993 2023 auctori-

69 2041 110 2101 tas
129 2041 191 2102 viri
212 2040 254 2102 ad
277 2041 466 2120 exemplum
480 2043 531 2102 est
552 2040 763 2103 auctoritatis
784 2041 844 2103 Dei
864 2040 997 2103 confor-

68 2124 162 2182 mata:
185 2125 370 2201 temperata
390 2121 500 2200 patria
519 2124 667 2199 potestas
687 2121 925 2184 convenienter
947 2120 996 2183 di-

68 2201 177 2275 gnitati
189 2200 306 2263 uxoris
316 2201 647 2281 prolisquezdenique
658 2201 994 2276 liberorumtuitioni,

18 2271 22 2350 ἰ
67 2279 246 2358 commodis,
272 2280 477 2343 institutioni
510 2282 634 2362 optime
662 2282 859 2345 consulitur.
882 2315 924 2328 -
955 2282 995 2342 In

18 2357 21 2408 i
67 2375 178 2435 genere
208 2378 322 2424 rerum
352 2361 486 2441 politico
517 2371 550 2424 et
580 2361 693 2435 civili,
718 2363 812 2440 leges
843 2363 995 2442 spectant

18 2417 22 2480 b
67 2455 230 2504 commune
251 2440 388 2521 bonum,
403 2459 509 2522 neque
529 2443 703 2505 voluntate
722 2441 913 2522 judicioque
937 2441 997 2502 ial-

18 2491 20 2556 Ῑ
68 2517 121 2581 laci
141 2521 380 2600 multitudinis,
395 2521 454 2584 sed
474 2523 613 2584 veritate
631 2522 830 2602 Justltiaque
846 2523 997 2600 dirigun-

18 2611 20 2688 ξ
68 2602 123 2662 tur:
139 2603 319 2664 auctoritas
339 2602 526 2682 principum
547 2602 803 2664 sanctitudinem
819 2602 997 2683 quamdam

18 2737 19 2742 ,
68 2677 166 2742 induit
186 2680 335 2744 humana
362 2682 532 2761 majorem,
556 2683 811 2762 contineturque
833 2701 874 2743 ne
895 2681 998 2743 decli-

18 2773 19 2846 }
69 2763 116 2820 net
129 2779 150 2820 a
163 2761 308 2840 justitia,
325 2779 390 2824 neu
412 2761 547 2824 modum
561 2763 596 2824 in
611 2763 806 2841 imperando
820 2762 998 2824 transiliat:

18 2877 19 2922 3
69 2839 243 2902 obedientia
263 2843 387 2904 civium
403 2843 501 2904 babet
515 2843 722 2904 honestatem
737 2841 1001 2921 dignitatemque

18 2941 19 2994 q
70 2921 224 2999 comitem,
247 2922 326 3002 quia
350 2939 417 2984 non
439 2924 489 2984 est
509 2922 652 2983 hominis
674 2923 717 2984 ad
742 2922 910 2984 hominem
932 2939 1001 2984 ser·

18 3013 19 3080 ,
70 2998 159 3077 ritus
175 3000 235 3063 sed
255 3002 497 3080 obtemperatio
519 3003 686 3064 voluntati
702 3003 770 3081 Dei,
787 3018 929 3079 regnum
943 3019 1002 3080 per

71 3075 209 3144 homines
230 3084 426 3145 exercentis.
450 3083 519 3156 Quo
544 3083 681 3161 cognito
703 3100 742 3144 ac
770 3098 943 3161 persuaso,
966 3099 1002 3144 o-

70 3160 172 3223 mnino
199 3160 241 3223 ad
265 3161 434 3242 justitiam
465 3162 631 3240 pertinere
662 3163 721 3225 illa
749 3162 1000 3240 intelliguntur,

70 3242 166 3302 vereri
187 3241 396 3322 majestatem
416 3243 615 3322 principum,
643 3244 777 3306 subesse
810 3245 1003 3305 constanter

18 3385 19 3388 ,
72 3322 98 3377 et
110 3320 249 3384 fideliter
263 3324 420 3402 potestati
434 3322 587 3402 publicae,
603 3323 687 3386 nihil
709 3322 864 3385 seditiose
879 3323 1000 3402 facere,

18 3425 20 3496 L
75 3406 212 3464 sanctam
233 3419 366 3464 servare
388 3403 596 3481 disciplinam
617 3403 774 3466 civitatis.
790 3402 1003 3465 -Similiter

18 3537 19 3544 ,
74 3479 197 3554 ponitur
216 3483 251 3545 in
272 3483 388 3546 officiis
409 3485 531 3547 caritas
552 3488 679 3562 mutua,
697 3483 900 3561 benignitas,
921 3483 1001 3546 libe·
