2554 4182
473 275 511 286 —
533 242 593 304 329
613 275 653 286 -

84 348 335 443 praecipiendo,
357 348 438 411 illuc
469 352 617 429 spectat,
640 353 678 413 ut
707 351 850 415 alterum
880 353 1032 418 ordinem

84 429 263 492 vicinitate
289 429 441 510 proxima
462 429 674 511 amicitiaque
704 433 800 494 alteri
830 435 1028 515 conjungat.

83 546 126 556 —
148 509 343 587 Intelligere
363 513 462 604 atque
483 511 649 574 aestimare
666 512 819 575 mortalia
833 531 873 576 ex
888 516 1031 579 veritate

83 606 156 654 non
179 606 368 671 possumne,
382 591 447 653 msi
467 590 646 672 dispexerit
667 593 799 656 animus
820 595 924 656 vitam
946 597 1029 658 alte·

83 688 162 734 ram
183 687 323 752 eamque
345 671 586 736 immortalem:
620 690 686 754 qua
717 671 851 754 quidem
882 674 1029 757 dempta,

83 751 248 814 continuo
278 751 386 815 forma
416 770 456 815 ac
477 770 557 816 vera
588 754 681 816 notio
705 754 834 817 honesti
854 754 1026 819 interiret:

83 832 193 896 immo
223 834 296 896 tota
326 832 397 895 haec
427 849 538 895 rerum
570 834 770 900 universitas
801 835 836 897 in
869 853 1029 900 arcanum

83 913 197 976 abiret
211 912 295 976 nulli
315 912 488 976 hominum
509 914 763 992 investigationi
772 915 941 1057 (pervium.
959 917 1030 996 Igi-

83 995 156 1073 tur,
173 992 260 1074 quod
280 995 403 1056 natura
425 994 498 1074 ipsa
519 993 717 1058 admonente
736 994 770 1058 di
795 995 923 1076 inimus,
939 997 1027 1060 idem

83 1073 214 1152 dogma
234 1076 285 1136 est
305 1073 534 1152 christianum,
581 1092 623 1138 uo
653 1075 739 1139 ratio
771 1081 805 1138 et
835 1078 1028 1141 constitutio

3 1203 5 1218 .
83 1159 161 1218 tota
181 1153 352 1232 religionis
373 1157 545 1236 tamquam
558 1093 784 1220 ‹iundamento
806 1158 956 1239 principe
977 1158 1029 1221 ni-

83 1234 185 1309 titur,
209 1251 285 1297 cum
316 1253 356 1298 ex
387 1234 449 1298 hac
474 1235 544 1299 vita
575 1237 834 1317 excesserimus,
857 1243 929 1301 tum
951 1256 1029 1304 vere

82 1332 149 1378 nos
170 1331 242 1378 esse
263 1317 421 1379 victuros.
445 1317 559 1398 Neque
579 1317 666 1380 enim
687 1319 777 1381 Deus
797 1317 965 1382 hominem
987 1318 1047 1382 ad

3 1437 4 1448 η
84 1396 161 1459 haec
180 1394 320 1474 fragilia
340 1401 373 1458 et
393 1395 530 1477 caduca,
553 1396 610 1460 sed
630 1398 672 1459 ad
694 1399 842 1463 caelestia
863 1403 962 1481 atque
983 1417 1028 1462 ae-

83 1480 186 1539 terna
206 1476 392 1553 generavit,
415 1481 605 1558 terramque
626 1478 721 1542 nobis
743 1483 781 1541 ut
801 1479 958 1542 exulandi
980 1480 1030 1543 lo·

85 1573 260 1632 cum,.n0n
282 1560 322 1619 ut
341 1555 454 1620 sedem
475 1557 646 1623 habitandi
667 1558 766 1623 dedit.
790 1559 920 1621 Divitiis
940 1565 1029 1622 cete·

85 1639 201 1717 risque
221 1637 338 1716 rebus,
361 1654 435 1718 quae
456 1639 667 1781 appellantur
687 1640 795 1708 bona.
820 1639 949 1717 affluas,
971 1657 1026 1702 oa·

85 1724 185 1798 re'as,
216 1717 259 1779 ad
289 1721 447 1782 aeternam
501 1718 719 1782 eatitudinem
751 1719 833 1781 nihil
866 1720 1025 1782 interest:

86 1797 370 1880 quemadmodum
401 1800 507 1874 utare,
530 1798 565 1862 id
595 1817 672 1863 vero
703 1799 845 1863 maxime
875 1800 1025 1863 interest.

85 1878 295 1942 Acerbitates
315 1879 440 1958 varias,
459 1879 579 1961 quibus
600 1881 670 1943 vita
690 1880 840 1944 mortalis
861 1877 929 1943 fere
951 1897 1028 1943 con-

86 1959 225 2032 texitur,
248 1961 347 2022 Jesus
366 1959 516 2023 Christus
546 1966 685 2039 copiosa
706 1964 940 2038 redemptione
967 1979 1028 2024 sua

86 2057 300 2121 nequaquam
321 2041 466 2119 sustulit,
479 2039 538 2104 sed
557 2041 592 2103 in
614 2043 776 2104 virtutum
796 2042 1025 2122 incitamenta,

87 2122 327 2201 materiamque
348 2120 595 2185 benemerendi
615 2122 777 2184 traduxit:
801 2122 850 2186 ita
869 2123 968 2203 plane
989 2128 1028 2185 ut

88 2218 187 2264 nemo
209 2200 399 2264 mortalium
421 2205 523 2283 queat
543 2204 678 2282 praemia
698 2204 900 2284 sempiterna
914 2220 1028 2284 capes-

86 2299 172 2363 sere,
193 2282 256 2344 nisi
276 2280 423 2344 cruentis
443 2284 523 2346 Jesu
545 2283 664 2345 christi
685 2283 840 2361 vestigiis
860 2283 1030 2363 ingredia-

86 2365 155 2425 tur.
179 2366 218 2426 Si
239 2364 498 2444 sustinebimus,
515 2364 548 2426 et
569 2369 858 2441 conregnabimus
880 2366 901 2425 ¹.
926 2364 1029 2427 Labo-

87 2441 182 2506 ribus
202 2443 260 2506 ille
278 2447 312 2504 et
333 2443 533 2506 cruciatibus
557 2450 675 2525 sponte
695 2445 877 2524 susceptis,
899 2445 1028 2506 crucia-

87 2526 185 2586 tuum
206 2527 241 2587 et
260 2523 412 2587 laborum
439 2523 577 2587 mirifice
598 2525 667 2587 vim
689 2522 868 2586 delenivit:
891 2540 953 2587 nec
974 2541 1027 2587 so·

88 2604 160 2668 lum
180 2606 342 2684 exemplo,
366 2603 423 2666 sed
454 2604 568 2684 gratia
598 2622 659 2668 sua
686 2607 920 2685 perpetuaque
941 2621 1027 2665 mer-

87 2685 179 2747 cedis
199 2702 258 2765 spe
278 2684 457 2766 proposita,
473 2685 722 2767 perpessionem
744 2685 895 2747 dolorum
916 2683 1027 2746 effecit

87 2764 292 2828 faciliorem:
326 2768 362 2827 id
394 2770 498 2843 enim,
523 2769 613 2842 quoa
634 2770 672 2828 in
691 2767 860 2842 praesenti
882 2767 933 2828 est
955 2780 1025 2827 ruo·

87 2847 310 2910 rnentaneum
331 2846 365 2910 et
387 2849 458 2909 teve
482 2847 721 2909 tribulationis
742 2847 895 2923 nostra,
918 2861 1027 2922 snpra

87 2928 225 2990 modurn
245 2931 285 2988 in
306 2929 520 2991 sublimitate
541 2930 714 2991 aeternum
741 2929 865 3004 picria
890 2930 1028 3004 pondus

89 3009 256 3084 operatur
278 3012 317 3070 tn
337 3009 436 3071 nodis
456 3009 480 3072 2.

128 3088 247 3168 Itaque
268 3087 433 3150 fortunati
454 3090 642 3165 monentur,
659 3104 726 3149 non
747 3087 949 3150 vacuitatem
971 3089 1029 3149 do·

85 3168 167 3232 loris
199 3167 330 3249 afferre,
354 3185 414 3230 nec
445 3168 487 3231 ad
517 3167 711 3230 felicitatem
742 3168 805 3230 aevi
836 3165 1029 3248 sempiterni

87 3248 268 3330 quicquam
288 3248 444 3328 prodesse
465 3247 609 3320 divitias,
633 3247 690 3310 sed
720 3251 832 3328 potius
859 3249 972 3312 obesse
993 3247 1027 3326 ³3

5 3409 6 3420 ἵ
86 3329 204 3392 terrori
236 3328 460 3409 locupletibus
490 3344 560 3391 esse
591 3327 710 3391 debere
731 3329 811 3392 Jesu
833 3326 953 3390 Christi
978 3326 1028 3390 in-

120 3444 130 3479 ¹
146 3443 175 3496 11
191 3441 318 3497 timim.
336 3445 420 3505 11,12.
596 3443 653 3500 211
671 3443 733 3498 (lor.
750 3461 787 3508 1v,
804 3445 843 3496 17.

5 3509 6 3542 ἐ
119 3507 254 3558 ³Matth.
270 3521 328 3571 xxx,
344 3507 383 3567 23,
393 3507 432 3557 24.
