2554 4182
615 262 794 324 -352-

237 371 416 452 plurimum
446 371 487 434 ob
510 371 594 431 banc
615 385 769 431 caussam
790 368 941 447 interest,
965 387 1006 433 ne
1030 370 1086 432 cui
1117 370 1179 433 fiat

237 453 371 533 injuria.
388 452 569 514 Commune
590 449 843 512 administretur
864 449 1009 530 integre,
1022 455 1061 513 ut
1075 467 1115 514 ex
1130 453 1179 515 in-

237 531 386 611 digentia
416 532 468 594 sin
497 532 627 594 ulorum
660 530 865 608 praefiniatur
897 530 1084 611 opitulandi
1105 549 1177 596 mo·

236 612 314 675 dus:
334 611 452 692 jurao
490 613 605 691 ciaqne
628 609 836 674 dominorum
858 627 936 675 cum
953 611 1086 692 juribus
1108 611 1178 675 offi-

234 692 359 774 ciisque
389 693 544 772 opificum
575 698 652 772 apte
684 691 897 754 conveniant.
920 691 954 754 Si
983 693 1040 772 qui
1068 710 1109 755 ex
1127 693 1177 755 al·

234 777 361 836 terutro
382 773 496 836 ordine
518 772 681 834 violatum
713 789 748 834 se
779 772 849 834 ulla
869 789 904 834 re
927 773 1065 853 putarit,
1090 771 1177 835 nibil
1273 769 1274 806 r

235 853 418 933 optandum
440 853 561 932 magia,
586 870 685 932 quarn
715 851 829 915 adesse
861 852 1009 932 eJusdem
1029 854 1178 932 corporis

236 937 324 998 viros
354 934 532 1015 prudentes
563 937 663 1012 atque
693 933 852 1011 integros,
876 950 1018 1014 qnorum
1039 933 1176 997 arbitrio

235 1015 326 1078 litem
357 1015 466 1078 dirimi
496 1015 590 1092 leges
621 1014 699 1092 ipsae
730 1014 869 1077 sociales
899 1013 1050 1092 jubeant.
1086 1013 1176 1078 illud

237 1111 367 1178 quoque
390 1110 591 1175 magnopere
612 1092 852 1173 providendum
883 1098 922 1156 ut
950 1094 1046 1176 copia
1066 1094 1177 1175 operis

237 1177 328 1239 nullo
360 1180 507 1254 ternpore
538 1173 668 1236 deficiat
699 1173 868 1255 opificem,
891 1177 995 1256 utque
1026 1175 1176 1254 vectigal
1274 1173 1275 1218 ἶ

237 1256 435 1338 suppeditet,
451 1254 539 1317 unde
560 1255 746 1318 necessitati
769 1254 982 1333 singulorum
996 1255 1175 1319 subvenia-

237 1341 292 1398 tur
313 1354 372 1398 nec
393 1337 501 1399 solum
522 1336 556 1397 in
577 1334 696 1397 subitis
717 1353 755 1398 ac
774 1335 921 1398 fortuitis
935 1336 1108 1400 industriae
1121 1353 1177 1398 ca-

236 1417 340 1493 sibus,
363 1415 543 1479 sedetiam
565 1433 641 1478 cum
664 1415 828 1493 valetudo,
853 1423 911 1477 aut
932 1420 1095 1490 senectus,
1116 1423 1177 1480 aut

238 1497 458 1560 infortunium
479 1513 677 1578 quemquam
699 1495 873 1577 oppressit.
886 1531 921 1540 -
947 1496 1007 1558 His
1029 1496 1174 1576 legibus,

238 1578 267 1640 si
293 1577 389 1640 modo
416 1578 588 1641 voluntate
619 1577 838 1656 accipiantur,
862 1576 944 1639 satis
964 1576 1027 1640 erit
1048 1577 1179 1640 tenuio-

239 1675 313 1720 rum
335 1656 517 1721 commodis
547 1674 585 1720 ac
613 1657 716 1719 saluti
737 1655 938 1720 consultum:
961 1659 1179 1721 consociatio·
1275 1695 1276 1744 1

239 1756 298 1800 nes
319 1743 430 1801 autern
452 1737 691 1801 catholicorum
712 1755 780 1800 non
794 1737 969 1800 minimum
987 1736 1029 1799 ad
1045 1753 1180 1817 prospe-

240 1821 371 1881 ritatem
404 1818 562 1880 momenti
594 1818 630 1879 in
659 1818 794 1880 civitate
826 1821 906 1881 sunt
925 1817 1100 1881 habiturae.
1126 1820 1178 1881 Ex

239 1899 367 1961 eventis
388 1898 565 1978 praeteritis
587 1915 652 1962 non
673 1903 796 1961 temere
818 1898 1031 1979 providemus
1049 1897 1176 1962 lutura.

238 1978 395 2041 Truditur
425 1979 513 2040 enim
544 1983 625 2041 aetas
655 1981 763 2057 aetate,
787 1979 842 2042 sed
869 1981 1178 2056 rerumgestarum

173 2129 175 2132 ,
238 2060 331 2122 mirae
352 2064 430 2121 sunt
451 2058 693 2138 similitudines,
714 2059 791 2140 quia
812 2061 977 2136 reguntur
997 2059 1178 2141 providen-

239 2139 287 2201 tia
308 2139 386 2214 Dei,
410 2139 467 2219 qui
489 2139 772 2202 continuationem
797 2139 980 2220 seriemque
1000 2157 1111 2202 rerum
1134 2140 1178 2202 ad

239 2237 313 2281 eam
343 2236 495 2281 caussam
526 2219 715 2282 moderatur
736 2236 775 2282 ac
795 2219 910 2299 flectit,
935 2237 1033 2301 quarn
1056 2219 1119 2282 sibi
1140 2221 1179 2284 in

239 2301 465 2381 procreatione
492 2301 625 2373 generis
650 2299 787 2363 humani
809 2300 999 2381 praestituit.
1024 2335 1060 2347 -
1083 2301 1176 2363 Chri-

239 2379 356 2442 stianis
377 2381 409 2442 in
431 2381 537 2459 prisca
558 2380 710 2442 Ecclesiae
738 2380 958 2444 adolescentis
981 2383 1079 2444 aetate
1101 2398 1179 2462 pro·

239 2460 297 2524 bro
319 2461 435 2523 datum
459 2461 664 2540 accepimuS,
688 2460 776 2542 quod
806 2461 952 2524 maxima
983 2478 1059 2543 pars
1091 2462 1178 2542 stipe

238 2543 385 2622 precaria
407 2544 465 2603 aut
487 2559 586 2621 opere
606 2540 757 2605 faciendo
773 2542 976 2604 victitarent.
993 2541 1054 2604 Sed
1076 2540 1179 2604 desti-

238 2623 303 2684 tuti
335 2621 377 2684 ab
409 2622 528 2700 opibus
550 2622 774 2703 potentiaque,
798 2624 962 2703 pervicere
993 2625 1107 2686 tamen
1139 2627 1180 2686 ut

239 2703 385 2780 gratiam
407 2701 469 2765 sibi
491 2702 727 2782 locupletium,
751 2721 790 2765 ac
818 2703 1036 2783 patrocinium
1059 2709 1179 2784 poten·

238 2784 321 2845 tium
343 2782 574 2862 adjungerent.
597 2784 733 2845 Cernere
753 2783 873 2847 licebat
895 2784 1067 2864 impigros,
1085 2785 1180 2848 labo·

239 2863 352 2940 riosoS,
376 2861 539 2942 pacificos,
560 2861 700 2943 justitiae
730 2865 937 2944 maximeque
969 2863 1120 2927 caritatis
1143 2865 1180 2927 in

238 2943 427 3023 exemplum
442 2945 632 3006 retinentes.
651 2943 699 3006 Ad
714 2943 875 3023 ejusmodi
890 2945 968 3007 vitae
981 2959 1180 3026 morumque

238 3025 477 3104 spectaculum,
501 3025 638 3088 evanuit
669 3025 775 3087 omnis
806 3023 1020 3105 praejudicata
1053 3025 1180 3105 opini0,

239 3103 434 3169 obtrectatio
456 3106 623 3167 obmutuit
643 3107 905 3182 malevolorum,
928 3110 1027 3186 atque
1049 3107 1181 3168 invete-

238 3189 319 3245 ratae
341 3184 584 3264 superstitionis
616 3189 804 3248 commenta
833 3185 965 3248 veritati
986 3185 1181 3249 christianae

239 3265 412 3344 paullatim
434 3281 571 3326 cessere.
594 3300 634 3308 -
662 3267 707 3328 De
729 3270 821 3329 statu
843 3265 998 3346 opificum
1028 3270 1182 3328 certatur

163 3353 189 3378 '·
238 3346 272 3406 in
294 3363 444 3424 praesens:
470 3363 543 3426 quae
565 3346 703 3409 certatio
725 3346 852 3409 ratione
874 3345 1048 3409 dirimatur
1069 3363 1113 3408 an
1129 3363 1181 3409 se·

238 3443 308 3499 cus,
337 3425 516 3505 plurimum
548 3427 682 3488 interest
712 3427 900 3507 reipublicae
932 3427 968 3488 in
1000 3431 1183 3506 utramque

238 3509 377 3583 partem.
403 3504 540 3568 Ratione
561 3510 672 3569 autern
685 3506 789 3570 -facile
811 3506 986 3569 dirimetur
1006 3507 1048 3572 ab
1069 3506 1181 3570 artifi-
