2576 4180
17 624 22 845 l

460 215 643 277 -221-

80 323 192 406 quein
207 337 325 385 caussa
338 319 431 383 haud
445 321 590 382 multum
605 320 755 384 dissimili
780 322 925 387 illustria
944 329 1022 388 sunt

54 402 316 482 ,munificentia
331 401 544 478 documenta,
560 418 627 463 non
641 399 739 464 modo
754 402 947 484 aequalium,
963 405 1023 468 sed

81 484 180 546 etiam
195 485 406 564 posterorum
432 479 649 544 admiratione
673 479 879 558 dignissima.
909 485 1022 566 Neque

81 563 285 640 dubItamus,
303 561 386 642 quid
399 561 514 623 itaIIca
536 577 633 641 gens,
658 562 886 625 communium
909 581 1021 628 rerum

81 643 347 706 consideratione
360 645 523 724 permota,
538 639 574 704 id
591 659 651 722 pro
675 641 803 705 viribus
827 647 943 707 actura
966 647 1020 726 sit,

80 727 117 786 ut
137 727 173 786 et
194 741 230 788 se
244 722 398 803 patribus
412 721 482 784 suis
496 720 634 803 dignam
648 722 828 802 impertiat,
846 726 879 786 et
893 741 935 786 ex
952 725 1021 788 fra·

80 805 181 866 ternis
203 802 365 882 exemplu
380 801 491 880 capiat
505 801 592 881 quod
607 801 766 865 imitetur.

119 885 159 946 ln
173 883 229 946 his
244 884 356 962 rebus,
373 898 457 962 quas
471 881 625 962 diximus,
638 881 787 962 profecto
810 882 902 946 haud
920 885 1020 948 mini·

82 981 167 1028 mam
183 963 348 1026 habemus
361 979 455 1044 spem
468 961 581 1025 solatii
603 963 909 1044 incolumitatisque
929 982 1023 1046 repo-

82 1044 190 1107 sitam.
214 1079 256 1088 —-
275 1045 400 1106 Verum
422 1060 499 1104 cum
520 1043 554 1104 iu
576 1043 731 1106 omnibus
759 1045 918 1125 consiliis,
949 1049 1023 1109 tum

82 1124 225 1186 maxime
240 1125 276 1186 in
290 1123 341 1194 iis,
366 1139 441 1202 quae
466 1123 587 1185 salutis
610 1122 753 1202 publica
776 1141 897 1188 caussa
921 1126 1023 1188 susci·

82 1205 232 1284 piantur,
250 1203 386 1267 omnino
401 1201 443 1265 ad
457 1201 605 1266 humana
618 1203 771 1282 praesidia
795 1204 950 1268 accedere
967 1223 1023 1269 ne-

82 1301 168 1348 cesse
184 1288 238 1348 est
252 1301 349 1364 opem
363 1283 602 1362 omnipotentis
612 1283 685 1363 Dm,
699 1284 796 1364 cujus
809 1285 845 1347 in
859 1289 1022 1364 potestate

83 1369 157 1428 sunt
171 1382 242 1428 non
256 1363 368 1426 minus
383 1363 596 1442 singulorum
617 1363 791 1425 hominum
815 1365 1019 1446 voluntates,

83 1461 180 1524 quam
206 1461 324 1507 cursus
349 1446 382 1506 et
406 1443 542 1506 fortuna
566 1443 791 1523 imperiorum.
818 1445 1024 1525 Quapropter

84 1525 289 1588 invocandus
304 1524 444 1587 summis
457 1523 610 1602 precibus
625 1525 723 1603 Dede,
740 1524 962 1606 orandusque,
984 1529 1023 1588 nt

83 1609 129 1667 tot
142 1605 217 1685 ejus
231 1603 401 1668 beneficiis
416 1607 568 1666 ornatam
593 1608 694 1682 atque
719 1608 854 1668 auctam
868 1607 1024 1684 respiciat

85 1685 232 1761 ltaliam,
247 1687 283 1746 in
298 1687 403 1765 eaque
416 1682 517 1746 fidem
530 1683 739 1761 catholicam,
767 1684 855 1764 quod
880 1690 931 1748 est
952 1703 1023 1748 ma-

86 1765 209 1828 ximum
224 1765 363 1844 bonum,
379 1763 509 1826 cunctis
533 1762 756 1844 periculorum
780 1764 1021 1844 suspicionibus

85 1842 240 1926 depulsis,
267 1846 429 1925 perpetuo
453 1848 599 1906 tueatur.
626 1845 721 1906 Hanc
744 1844 852 1924 ipsam
873 1845 914 1908 ob
929 1863 1025 1908 caus-

86 1941 154 1988 sam
164 1925 380 2008 imploranda
395 1923 593 2004 suppliciter
611 1929 661 1986 est
684 1925 906 1988 Immaculata
920 1926 1026 2004 Virgo

85 2004 203 2084 linars,
221 2022 349 2084 magna
364 2005 424 2068 Dei
437 2021 570 2084 parens,
587 2004 713 2067 fautrix
728 2008 762 2067 et
777 2004 925 2085 adjutrix
949 2023 1028 2069 con-

86 2084 233 2149 siliorum
248 2087 461 2227 optimorum,
477 2101 637 2147 unacum
663 2085 873 2149 sanctissimo
898 2087 1026 2165 Sponso

85 2163 148 2242 ejus
162 2167 184 2228 J
187 2181 268 2244 osep
294 2183 327 2245 o,
342 2164 482 2228 custode
496 2169 529 2227 et
543 2168 684 2244 patrono
698 2166 853 2242 gentium
869 2167 1025 2229 christia-

86 2259 209 2310 narum.
227 2248 274 2308 Ac
288 2247 362 2326 pari
383 2244 495 2308 studio
520 2245 692 2308 obsecrare
715 2263 799 2326 opus
823 2249 874 2309 est
889 2248 1025 2309 Petrum

86 2327 115 2384 et
125 2325 293 2402 Paullum,
310 2343 453 2404 magnos
476 2326 664 2406 Apostolos,
682 2327 720 2387 ut
744 2326 780 2386 in
794 2327 916 2390 italicis
940 2343 1024 2405 gen-

86 2402 167 2469 tibus
181 2405 331 2468 fructum
345 2406 497 2469 laborum
523 2422 662 2468 suorum
685 2405 889 2470 incolumem
910 2409 1023 2470 custo·

86 2481 186 2564 diant,
199 2501 387 2566 nomenque
400 2484 613 2562 catholicum,
641 2484 731 2567 quod
755 2486 940 2566 majoribus
965 2504 1025 2549 no-

88 2564 157 2628 stris
178 2583 241 2628 suo
255 2565 496 2646 Ipsisanguine
510 2571 723 2646 pepererunt,
750 2567 840 2645 apud
861 2582 952 2629 seros
966 2584 1023 2646 pc-

88 2646 184 2708 steros
205 2645 637 2726 sanctuminviolatumque
652 2648 859 2709 conservent.

120 2725 250 2790 Horum
271 2726 421 2788 omnium
442 2725 566 2788 caelesti
586 2725 771 2805 patrocinio
793 2725 881 2805 freti,
912 2725 1022 2805 auspi-

88 2819 150 2868 cem
171 2805 362 2870 diviuorum
384 2823 570 2883 munerum,
586 2809 619 2867 et
634 2805 810 2884 praecipuae
824 2807 1023 2869 benevolen-

87 2882 136 2946 tia
165 2887 296 2950 Nostra
327 2889 469 2962 testem,
502 2886 728 2965 Apostolicam
753 2885 1023 2949 Benedictionem

88 2960 180 3028 Vobis
211 2967 391 3043 universis,
414 2967 626 3029 Venerabiles
658 2965 810 3046 FratreS,
839 2971 872 3029 et
892 2967 1023 3046 populls

87 3041 155 3132 Iidei
186 3047 318 3110 Vestrae
348 3046 556 3125 commissiS,
588 3048 801 3127 peramanter
828 3047 863 3109 in
885 3047 1024 3110 Domino

88 3126 304 3206 1mpertimus.
379 3153 382 3162 ‚

120 3205 243 3270 Datum
265 3209 378 3270 Romae
398 3205 488 3286 apud
502 3207 532 3267 S.
550 3205 696 3284 Petrum,
720 3205 773 3267 die
790 3224 838 3268 xv
854 3204 1024 3268 Februarii

88 3298 134 3348 an.
149 3303 398 3368 unoocnxxxn,
421 3285 638 3349 Pontificatus
659 3287 773 3348 Nostri
789 3303 877 3348 anno
893 3289 1021 3366 quarto.

411 3436 492 3510 LEO
515 3447 575 3511 ΡΡ,
599 3447 693 3510 XIII.
