2484 4178
399 277 440 290 ..
459 245 499 308 29
519 279 559 290 .-

57 349 109 412 'tus
127 350 349 414 innutriendos
380 350 597 414 tradiderunt.
622 387 663 397 —
694 353 813 416 Omnes
842 371 944 447 prope

39 430 192 494 conditores
205 436 239 493 et
258 431 418 510 legiferos
438 431 597 494 Ordinum
617 432 853 511 religiosorum
871 452 943 514 Jus-

85 529 98 572 e
124 515 248 574 constat
278 511 409 575 sodales
440 529 540 592 suos,
566 511 725 575 doctrinis
756 515 787 576 S.
811 514 944 578 Thomae

61 590 142 654 odere
161 595 192 654 et
212 591 401 670 religiosius
414 591 551 669 haerere,
567 600 679 671 cauto,
695 610 737 654 ne
758 595 812 656 cui
828 612 944 658 eorum

70 689 142 750 pune
160 672 258 734 liceat
279 691 298 734 a
326 673 477 750 vestigiis
497 673 586 738 tanti
603 673 666 735 viri
689 674 744 736 vel
766 675 942 737 minimum

24 749 181 836 discedere.
208 753 253 814 Ut
282 753 546 816 Dominicianam
575 751 735 816 familiam
766 758 943 834 praetarea-

60 849 100 906 us,
120 849 189 912 quae
207 849 339 896 summo
359 833 421 896 hoc
442 834 606 912 magistro
624 832 701 912 jure
722 833 866 914 quodam
881 852 942 897 suo

23 839 182 1052 biatu*
204 930 245 976 ea
275 915 349 991 lege
379 913 487 977 teneri
518 913 760 988 Benedictinos,
784 915 940 979 Carmeli-

74 1043 81 1070 ,
103 993 370 1072 Augustinianos,
392 995 587 1057 Societatem
607 994 700 1072 Jesu,
724 997 870 1076 aliosque
890 1013 943 1059 sa-

35 1088 103 1213 most
112 1075 243 1136 Ordines
273 1074 472 1154 complures,
496 1079 624 1138 statuta
655 1075 870 1154 singulorum
893 1080 941 1140 te·

36 1167 90 1213 san
104 1171 148 1217 ur.

64 1236 152 1314 itque
171 1235 235 1298 hoc
255 1235 329 1298 loco
350 1251 477 1313 magna
497 1252 575 1298 cum
596 1236 768 1315 voluptate
787 1236 942 1315 provolat

35 1312 136 1376 animus
155 1315 196 1378 ad
217 1315 447 1378 celeberrimas
461 1316 548 1394 illas,
565 1332 640 1394 quae
660 1316 741 1380 olim
761 1319 795 1379 in
809 1317 942 1396 Europa

35 1387 206 1469 floruerunt,
242 1395 504 1459 Academiaest
533 1396 689 1475 scholas,
723 1396 968 1460 Parisiensem'

35 1486 132 1554 nempe,
153 1476 410 1553 Salmantinam‚
432 1476 713 1554 complutensem,
738 1478 940 1557 Duacenam,

33 1549 208 1635 Tolosanum,
240 1557 491 1632 Lovaniensem,
522 1557 729 1635 Patavinam,
755 1559 940 1621 Bononien-

34 1645 91 1709 sem,
105 1635 363 1716 Neapolitanam,
378 1636 691 1714 Conimbricensem,
707 1637 854 1718 aliasque
868 1656 942 1718 per·

34 1713 134 1776 multas.
155 1719 303 1792 Quarum
323 1715 580 1780 Academiarum
600 1734 721 1780 nomen
742 1722 842 1780 aetate
861 1735 942 1798 quo-

35 1788 175 1860 dammodo
206 1797 372 1876 crevisse,
401 1803 604 1879 rogatasque
634 1798 838 1877 sententias,
862 1815 939 1861 cum

34 1875 157 1945 graviora
185 1884 370 1956 agerentur
392 1876 540 1956 negotia,
560 1879 740 1958 plurimum
761 1877 797 1940 in
825 1895 940 1942 omnes

34 1959 113 2026 partes
132 1958 300 2037 valuisse,
324 1974 421 2020 nemo
442 1957 589 2038 ignorat.
612 1959 771 2021 Jamvero
791 1976 940 2038 comper-

34 2035 84 2122 tum
100 2041 155 2116 est,
170 2037 207 2100 in
231 2039 365 2116 magnis
384 2038 453 2100 illis
474 2038 629 2102 humanae
642 2039 812 2118 sapientia.
834 2039 940 2102 domi·

18 2112 101 2194 ciliis,
115 2124 285 2201 tamquam
305 2119 342 2181 in
362 2136 422 2180 suo
441 2135 562 2199 regno,
578 2119 738 2182 Thomam
752 2119 939 2182 consedisse

31 2192 193 2280 principem;
217 2203 319 2281 atque
340 2198 489 2262 omnium
504 2200 557 2262 vel
578 2199 750 2261 doctorum
772 2201 825 2262 vel
847 2199 940 2262 audi-

32 2275 114 2337 torum
135 2281 264 2344 animos
295 2278 379 2342 miro
406 2295 569 2342 consensu
600 2280 636 2341 in
667 2282 767 2342 unius
793 2280 940 2356 angelici

31 2347 151 2422 Doctoris
168 2358 364 2438 magisterio
386 2363 418 2421 et
438 2361 637 2423 auctoritate
652 2359 894 2438 conquievisse.

59 2433 119 2515 Sed,
138 2440 226 2520 quod
248 2441 352 2522 pluris
373 2443 432 2508 est,
457 2438 595 2503 Romani
618 2439 791 2502 Pontifices
814 2439 940 2502 Praeda-
1022 2455 1025 2461 ·

29 2525 145 2582 macres
165 2521 279 2584 Nostri
299 2519 498 2599 sapientiam
520 2521 654 2583 Thomae
676 2520 850 2601 Aquinatis
871 2519 938 2583 sin·

31 2595 176 2684 galeribus
202 2601 343 2663 laudum
371 2601 560 2680 praeconiis,
586 2605 619 2663 et
647 2600 843 2664 testimoniis
871 2617 940 2662 am-

30 2670 156 2745 lhssimis
177 2680 345 2761 prosecuti
366 2684 455 2743 sunt.
480 2683 564 2744 Nam
586 2681 734 2743 Clemens
761 2681 806 2744 VI
835 2683 858 2755 ’1,
881 2680 938 2742 Ni·

31 2753 119 2820 colans
137 2760 164 2820 V
184 2764 216 2840 2,
240 2760 437 2824 Benedictus
458 2762 540 2823 XlIl
563 2763 576 2806 3
606 2761 727 2841 aliique
762 2763 938 2841 testantur,

29 2830 185 2903 admirabili
212 2840 286 2922 ejus
310 2840 460 2904 doctrina
481 2842 674 2904 universam
695 2841 876 2904 Ecclesiam
898 2841 938 2903 il·

28 2907 157 3001 lustrari3
178 2923 210 2986 S.
229 2923 308 2984 Pius
331 2922 356 2982 V
377 2923 391 2968 4
413 2940 490 2986 vero
511 2921 635 2984 fatetur
651 2920 766 2984 eadem
788 2921 941 2984 doctrina

29 2986 144 3062 hareses
171 3001 328 3065 confusas
356 3006 389 3064 et
410 3002 579 3065 convictas
608 3002 782 3144 dissipari,
809 3002 939 3066 orbem-

28 3084 76 3161 qlle
91 3082 278 3145 universum
299 3101 319 3143 a
338 3082 504 3162 pestiferis
531 3082 676 3163 quotidie
710 3082 828 3145 iberari
849 3100 937 3146 erro·

30 3150 119 3238 libum
149 3163 205 3225 alii
236 3179 314 3225 cum
341 3162 508 3225 Clemente
532 3165 596 3225 Xll
618 3165 641 3244 ⁵,
665 3162 832 3228 uberrima
853 3163 940 3226 bona

53 3301 147 3362 ¹Bulla
162 3313 196 3364 Ia
213 3313 323 3366 Ordine.

52 3365 153 3426 ’Breve
169 3377 205 3427 ad
221 3376 276 3428 Fu.
294 3376 359 3430 Ord.
372 3377 494 3430 Proedic.
511 3377 580 3428 1451.

53 3426 146 3495 PBulla
161 3439 309 3491 Pretiosos.
499 3439 613 3491 ⁴Bulla
631 3439 781 3492 Mirabilir.

53 3490 148 3550 “Bulla
168 3501 252 3554 Verbo
268 3502 329 3555 Dci.
