2484 4178
553 249 714 312 „52-

158 358 316 423 divinitus
337 360 489 438 acceptas
507 355 805 437 auctoritatemque
820 356 1006 434 magisterii
1020 375 1101 421 cum

160 440 277 502 ceteris
305 438 348 502 ad
375 440 519 501 salutem
549 436 736 500 caelestibus
770 436 971 515 adjumentis
1005 438 1104 517 plene

156 521 330 600 complecti
350 522 383 581 et
404 519 598 597 incorrupta
618 517 811 594 integritate
842 517 949 587 tueri,
971 516 1099 581 idcirco

157 600 192 662 in
212 603 319 681 ipsam
341 601 487 661 maxima
501 605 553 661 est
566 597 775 660 inimicorum
797 596 972 660 iracundia
991 597 1098 679 impe-

158 684 277 760 tusque
297 697 486 743 conversus.
502 713 542 722 —-
563 679 660 741 Nunc
681 694 758 740 vero
779 677 813 739 in
835 677 876 739 iis
898 677 1010 758 rebus,
1027 696 1106 759 quae

156 761 356 838 religionem
372 760 558 839 attingunt,
575 761 743 836 spectetur
757 757 836 837 quid
851 764 944 837 agat,
961 775 1102 838 praeser·

157 840 218 902 tim
245 841 303 904 ubi
325 843 374 902 est
405 839 447 902 ad
479 838 602 918 agendi
633 837 801 900 licentiam
832 837 981 915 liberior,
1006 842 1104 902 secta

157 922 372 984 Massonum:
396 920 596 999 omninoque
613 918 797 999 judicetur,
813 935 924 980 nonne
944 919 1043 998 plane
1064 937 1105 982 re

158 1003 275 1082 exequi
312 1000 594 1063 Naturalistarum
637 999 769 1061 decreta
807 999 892 1060 velle
934 997 1101 1062 videatur.

160 1083 276 1160 Longo
290 1099 371 1143 sane
386 1079 614 1160 pertinacique
629 1078 741 1142 labore
762 1079 797 1140 in
818 1077 853 1140 id
874 1078 973 1141 datur
987 1096 1103 1159 opera,

158 1161 242 1222 nihil
263 1165 302 1223 ut
322 1160 479 1222 Ecclesiae
501 1159 747 1238 magisterium,
762 1159 847 1221 nihil
864 1159 1044 1221 auctoritas
1063 1159 1105 1222 in

158 1241 296 1304 civitate
316 1241 443 1321 possit:
467 1240 508 1302 ob
530 1255 668 1319 eamque
682 1256 836 1301 caussam
857 1239 962 1317 vulgo
976 1238 1102 1318 praedi·

157 1325 236 1382 cant
266 1324 299 1382 et
329 1324 508 1400 pugnant,
540 1336 610 1380 rem
643 1336 773 1380 sacram
804 1335 936 1398 remque
967 1318 1105 1382 civilem

158 1418 229 1463 esse
260 1401 395 1482 penitus
425 1398 665 1462 distrahendas.
694 1400 764 1474 Quo
795 1398 884 1461 iacto
915 1398 1100 1462 saluberri-

158 1498 246 1544 mam
267 1480 438 1560 religionis
460 1478 632 1541 catholieae
653 1478 812 1541 virtutem
840 1496 860 1539 a
880 1478 1032 1559 legibus,
1055 1479 1102 1544 ab

158 1561 447 1624 administratione
468 1558 657 1640 reipublicae
678 1558 871 1621 excludunt:
888 1559 1035 1640 illudque
1049 1564 1104 1622 est

159 1659 384 1722 consequenS,
411 1642 450 1703 ut
473 1646 593 1721 praeter
615 1640 772 1701 instituta
793 1656 831 1700 ac
852 1644 1021 1720 praeoepta
1040 1641 1106 1702 Ec-

160 1721 268 1786 olesiae
283 1725 370 1784 totas
384 1720 634 1784 constituendas
654 1724 774 1799 putent
795 1720 957 1782 civitates.
974 1753 1013 1764 -
1031 1719 1105 1782 Nee

160 1819 238 1864 vero
259 1820 325 1866 non
347 1819 463 1865 curare
485 1801 677 1873 Ecclesiam,
694 1800 855 1879 optimam
872 1798 1000 1876 ducem,
1019 1800 1105 1862 setis

159 1881 303 1961 habeut,
330 1883 394 1944 nisi
422 1881 588 1944 hostiliter
608 1879 758 1942 iaciendo
780 1879 934 1942 laeserint.
958 1881 1001 1942 Et
1021 1897 1104 1943 sane

160 1961 376 2024 fundamenta
390 1963 461 2040 ipsa
476 1960 651 2038 religionis
666 1959 838 2022 catholicae
853 1960 974 2022 adoriri
985 1958 1099 2038 lande,

160 2041 343 2118 scribendo,
360 2041 517 2116 docendo,
535 2041 671 2119 impune
686 2041 773 2101 licet:
797 2057 862 2101 non
881 2039 1016 2120 juribus
1037 2041 1102 2102 Eo—

160 2121 270 2184 clesiae
292 2123 452 2202 parcitur,
470 2139 537 2183 non
558 2137 709 2199 munera,
726 2119 847 2199 quibus
869 2125 917 2182 est
939 2120 1103 2183 divinitus

160 2206 279 2281 aucta,
310 2202 405 2264 salva
439 2206 528 2264 sunt.
561 2199 776 2277 agendarum
811 2217 922 2262 rerum
956 2200 1102 2264 facultas

159 2299 260 2361 quam
282 2280 419 2344 minima
438 2281 489 2343 illi
512 2280 722 2361 relinquitur,
749 2281 847 2359 idque
872 2280 1006 2360 legibus
1027 2298 1102 2361 spe-

159 2361 209 2423 cie
231 2362 366 2442 quidem
395 2378 462 2423 non
493 2361 592 2423 nimis
623 2360 691 2422 vim
715 2359 942 2431 inferentibus,
964 2378 1102 2424 revera

159 2441 248 2506 natis
270 2443 355 2522 aptis
378 2442 420 2504 ad
441 2440 684 2522 impediendam
707 2441 904 2504 libertatem.
935 2443 1019 2504 Item
1040 2442 1100 2503 im-

158 2522 284 2602 positas
305 2523 398 2584 Clero
420 2522 570 2584 videmus
591 2522 685 2599 leges
705 2521 894 2599 singulares
915 2526 949 2584 et
962 2539 1098 2601 graves,

159 2602 303 2665 multum
324 2608 363 2664 ut
377 2603 406 2665 ei
428 2601 467 2664 de
481 2619 631 2680 numero,
649 2602 792 2664 multum
815 2600 854 2662 de
869 2601 968 2665 rebus
989 2618 1100 2668 neces·

159 2681 255 2745 sariis
277 2684 311 2745 in
335 2682 405 2746 dies
427 2681 584 2745 decedat:
617 2681 774 2761 reliquias
805 2681 968 2744 bonorum
989 2683 1101 2744 Eccle-
1167 2723 1172 2728 -

159 2763 215 2825 siae
236 2764 390 2826 maximis
411 2763 587 2826 adstrictas
607 2762 762 2842 vinculis,
780 2762 938 2840 potestati
960 2764 994 2823 et
1014 2762 1100 2824 arbi-

159 2843 223 2905 trio
245 2843 554 2906 administratorum
576 2842 766 2922 reipublicae
789 2843 982 2919 permissas:
1004 2841 1101 2905 soda-

159 2923 271 2984 litates
292 2923 448 2986 ordinum
469 2923 704 3001 religiosorum
727 2920 885 2998 sublatas,
910 2921 1098 3001 dissipatas.

161 3037 200 3046 —-
222 3004 266 3064 At
287 3020 367 3066 vero
391 3004 426 3064 in
454 3002 571 3065 Sedem
602 3002 827 3083 Apostolicam
858 3018 1101 3082 romanumque

160 3082 352 3146 Pontificem
377 3085 478 3162 longe
500 3088 550 3146 est
570 3082 783 3144 inimicorum
805 3082 942 3144 incitata
963 3084 1101 3144 eonten-

159 3162 217 3227 tio.
236 3165 269 3224 Is
283 3163 415 3243 quidem
436 3163 581 3242 primum
602 3161 690 3224 fictis
708 3163 747 3224 de
761 3163 887 3242 caussis
902 3162 1100 3226 deturbatus

159 3246 209 3306 est
223 3245 475 3324 propugnaculo
489 3243 654 3305 libertatis
664 3243 814 3323 jurisque
829 3242 893 3319 sui,
909 3242 1100 3336 principatu

159 3323 269 3385 civili:
301 3341 377 3386 mox
402 3324 437 3386 in
460 3326 585 3385 statum
608 3324 797 3403 compulsus
825 3323 976 3403 iniquum
998 3324 1100 3386 srmul

159 3407 193 3465 et
213 3403 350 3484 objectis
372 3403 516 3484 undique
547 3402 799 3466 difficultatibus
828 3401 1096 3466 intolerabilem:

160 3482 263 3547 donee
284 3483 326 3546 ad
346 3483 418 3546 haee
438 3488 591 3564 tempora
611 3488 809 3564 perventum
830 3485 891 3562 est,
909 3483 1028 3564 quibus
1049 3500 1101 3546 se·
