2554 4182
485 211 664 272 -333-

81 316 200 378 nimos
232 315 352 378 nititur
383 314 581 397 flectereque
613 318 815 393 voluntates,
838 322 877 381 ut
904 319 1036 383 divino·

83 414 166 458 rum
188 395 368 476 disciplina
388 403 631 476 praceptorum
652 397 725 476 regi
740 415 775 460 se
789 399 1037 481 gubernarique

82 478 276 556 patiantur.
302 480 409 558 Atque
431 477 466 538 in
487 476 550 538 hac
572 480 687 557 parte,
711 496 784 560 quae
805 480 959 560 princeps
981 486 1034 544 est

84 575 128 619 ac
161 558 337 638 permagni
370 559 551 636 momenti,
575 558 655 639 quia
685 575 816 622 summa
848 560 1034 623 utilitatum

84 654 275 718 caussaque
299 641 370 702 tota
391 636 427 700 in
447 639 519 718 ipsa
540 638 703 716 consistit,
729 640 879 702 Ecclesia
901 640 1034 721 quidem

84 737 158 780 una
180 721 288 798 potest
310 719 466 781 maxima.
482 718 606 792 Quibus
628 721 717 781 enim
738 719 968 783 instrumentis
991 721 1033 783 ad

84 799 331 879 permovendos
352 799 481 862 animos
504 799 621 874 utitur,
645 817 685 862 ea
715 800 777 863 sibi
810 800 896 863 hanc
924 802 1033 880 ipsam

85 880 131 942 ob
153 897 309 943 caussam
331 879 455 942 tradita
486 898 506 940 a
537 880 619 942 Jesu
650 880 779 943 Christo
811 885 902 957 sunt,
926 882 1032 945 virtu-

84 964 224 1040 temque
251 960 376 1022 habeut
407 958 568 1021 divinitus
599 959 747 1024 insitam.
771 961 963 1025 Istiusmodi
984 963 1032 1025 in·

86 1044 276 1102 strumenta
298 1041 368 1126 sola
388 1042 477 1118 sunt,
501 1057 575 1120 quae
605 1040 713 1104 cordis
743 1041 913 1120 attingere
934 1059 1033 1124 pene-

86 1121 195 1183 trales
225 1121 319 1182 sinus
350 1125 426 1200 apte
456 1125 592 1201 queant,
613 1121 846 1202 hominemque
867 1121 1031 1185 adducere

86 1207 128 1262 ut
161 1201 366 1264 obedientem
397 1217 433 1263 se
463 1201 610 1279 praebeat
642 1201 763 1280 officio,
786 1206 896 1266 motus
928 1203 1032 1267 animi

86 1284 277 1364 appetentis
299 1287 407 1360 reget,
433 1283 538 1348 Deum
559 1288 592 1343 et
617 1282 786 1361 proximos
812 1284 953 1347 caritate
982 1283 1032 1346 di-

84 1363 177 1440 ligat
198 1363 363 1441 singulari
385 1379 423 1423 ae
443 1379 587 1439 summa,
602 1364 778 1443 omniaque
801 1365 947 1428 animose
962 1382 1032 1445 per-

85 1447 235 1522 rumpat,
258 1460 331 1524 quae
353 1442 487 1504 virtutis
510 1441 699 1521 impediunt
720 1459 868 1507 cursum.

129 1524 216 1586 Satis
237 1527 288 1586 est
307 1525 342 1584 in
363 1522 425 1584 hoc
447 1535 570 1600 genere
591 1523 743 1604 exempla
763 1527 914 1586 veterum
936 1526 1031 1603 paul-

85 1603 190 1684 lisper
211 1603 415 1682 cogitatione
438 1606 595 1684 repetere.
621 1605 684 1666 lies
712 1607 745 1664 et
767 1601 856 1665 facta
887 1621 1032 1667 comme-

88 1701 271 1758 moramus,
294 1700 369 1763 quae
390 1683 634 1746 dubitationem
656 1683 783 1747 nullam
806 1682 946 1747 babent:
970 1685 1033 1746 sci-

86 1765 169 1827 licet
200 1763 334 1826 civilem
368 1763 541 1826 hominum
572 1765 845 1828 communitatem
879 1762 1031 1826 funditus

88 1862 160 1908 esse
179 1845 341 1908 institutis
362 1842 551 1906 christianis
572 1847 782 1907 renovatam:
806 1843 945 1923 hujusce
966 1844 1032 1907 vir·

88 1928 162 1987 tute
184 1924 408 1988 renovationis
430 1924 472 1986 ad
490 1925 628 1987 meliora
641 1929 830 2004 promotum
847 1941 956 2002 genus
970 1923 1032 1987 hu-

86 2023 238 2085 manum,
261 2005 363 2067 immo
394 2009 588 2068 revocatum
619 2005 660 2068 ab
683 2005 820 2068 interitu
849 2004 1027 2084 advitam,

87 2091 292 2166 auctumque
307 2084 510 2165 perfectione
531 2090 638 2165 tanta,
655 2090 693 2147 ut
707 2103 769 2148 uec
789 2086 940 2148 extiterit
962 2086 1032 2148 ulla

87 2172 199 2246 antea,
222 2184 284 2229 nec
314 2167 359 2228 sit
388 2167 422 2227 in
444 2182 558 2229 omnes
583 2169 820 2246 consequentes
841 2170 958 2229 aetates
978 2166 1031 2228 fu·

86 2252 166 2310 tura
188 2247 303 2326 major.
322 2246 469 2326 Denique
491 2246 609 2309 lesum
630 2246 797 2310 Christum
818 2247 937 2310 horum
960 2264 1031 2309 esse

86 2327 323 2390 beneficiorum
346 2326 547 2407 principium
567 2326 721 2389 eumdem
736 2331 771 2390 et
784 2327 905 2389 finem:
930 2330 968 2388 ut
989 2327 1030 2390 ab

87 2425 127 2470 eo
149 2407 306 2487 profecta,
330 2406 378 2470 sic
409 2407 451 2468 ad
482 2425 559 2471 eum
591 2407 703 2470 omnia
722 2406 904 2470 referenda.
930 2407 1031 2468 Nimi-

86 2506 164 2550 rum
195 2492 330 2567 accepta
358 2488 536 2564 Evangelii
567 2488 652 2566 luce,
679 2504 756 2550 cum
787 2486 1030 2549 incarnationis

86 2569 188 2632 Verbi
220 2568 457 2647 hominumque
486 2568 722 2648 redemptionis
750 2565 879 2646 grande
906 2571 1031 2646 myste-

87 2651 177 2711 rium
198 2649 286 2712 orbis
307 2652 473 2711 terrarum
493 2648 672 2723 didicisset,
696 2648 767 2710 vita
796 2647 879 2712 Jesu
910 2645 1030 2707 Christi

85 2731 146 2792 Dei
167 2733 199 2790 et
221 2727 364 2791 hominis
386 2730 532 2808 pervasit
552 2729 718 2808 civitates,
741 2727 881 2808 ejusque
902 2725 967 2788 fide
996 2730 1030 2788 et

84 2809 261 2889 praeceptis
281 2813 316 2871 et
336 2809 469 2886 legibus
490 2811 579 2872 totas
599 2809 730 2872 imbuit.
747 2810 853 2884 Quare
875 2809 902 2870 si
925 2805 1030 2870 socie·

84 2891 149 2952 tati
171 2890 306 2967 generis
319 2890 459 2953 humani
474 2889 674 2952 medendum
689 2894 752 2967 est,
769 2887 937 2951 revocatio
952 2887 1030 2951 vitae

83 2971 383 3050 institutorumque
403 2969 662 3033 christianorum
683 2971 755 3033 sola
768 2968 966 3032 medebitur.
984 2969 1030 3031 De

84 3050 302 3114 societatibus
336 3051 425 3113 enim
464 3049 687 3113 dilabentibus
725 3049 808 3112 illud
843 3049 1027 3112 rectissime

82 3130 287 3210 praecipitur,
310 3130 458 3194 revocari
479 3129 522 3192 ad
543 3131 691 3208 origines
713 3148 810 3206 suas,
834 3147 912 3192 cum
933 3128 1028 3191 resti·
1062 3200 1064 3206 ¹

82 3212 135 3274 tui
158 3211 286 3291 volunt,
304 3216 465 3291 oportere.
482 3211 561 3273 Haec
582 3211 671 3274 enim
692 3210 841 3274 omnium
862 3210 1028 3272 consocia·

84 3293 213 3355 tionum
233 3291 392 3371 perfectio
413 3295 474 3367 est,
498 3290 538 3353 de
569 3308 607 3354 eo
638 3293 790 3354 laborare
817 3289 916 3371 idque
936 3305 1025 3351 asse·

85 3372 164 3452 qui,
187 3372 284 3452 cujus
314 3372 427 3450 gratia
456 3372 620 3435 institutae
651 3374 750 3434 suut:
780 3373 828 3433 ita
853 3374 893 3434 ut
915 3371 1025 3431 motus

85 3455 246 3534 actusque
267 3453 403 3516 sociales
424 3451 538 3516 eadem
551 3469 679 3516 »caussa
699 3453 818 3533 pariat,
834 3467 908 3531 quae
929 3466 1026 3530 pepe·
