2496 4172
504 245 690 308 -163-

118 353 175 417 ille
196 354 252 432 sit,
276 370 377 435 quam
397 351 496 416 facile
518 352 697 433 unicuique
719 355 843 433 pateat,
868 371 967 434 quam
989 373 1060 417 ma-

120 435 198 512 gnis
226 433 262 496 in
294 435 480 497 animorum
512 434 655 496 salutem
685 434 869 513 privilegiis
900 435 1058 510 abundet,

6 587 7 590 Ἴ
119 519 285 595 quantum
306 513 462 577 utilitatis
482 512 640 593 privatim
655 517 688 574 et
725 514 833 576 ublice
852 514 1057 592 polliceatur.

121 598 160 656 In
182 611 249 675 quo
269 611 308 656 eo
329 595 439 674 magis
461 598 510 656 est
531 531 782 672 elaborandpum,
814 594 901 674 quod
932 596 1061 659 sodales

5 685 8 730 ι
120 674 351 738 Franciscales
383 673 508 738 ordinis
542 673 639 754 primi
672 678 705 736 et
737 675 874 737 alterius
905 675 1005 755 gravi
1025 677 1060 736 in

119 772 268 834 praesens
289 755 432 836 perculsi
453 756 556 834 plaga
577 753 716 833 indigne
737 755 900 818 laborant.
924 756 967 818 Hi
987 755 1061 836 qui-

119 836 196 898 dem
218 837 359 915 utinam,
381 835 527 915 parentis
548 835 599 897 sui
619 835 804 914 patrocinio
826 834 962 914 defensi,
978 837 1061 898 cele·
1147 847 1149 854 '

119 917 203 979 riter
223 933 265 978 ex
284 918 335 979 tot
356 912 514 978 ductibus
528 919 642 994 vegeti
655 918 689 977 et
702 915 857 978 florentes
872 915 1058 994 emergant!

119 997 258 1060 Utinam
289 997 390 1059 etiam
421 994 611 1058 christianae
642 997 760 1074 gentes
788 998 830 1058 ad
851 996 1061 1076 disciplinam

119 1076 214 1139 tertii
235 1077 359 1140 ordinis
380 1075 561 1155 confluant,
577 1077 624 1138 ita
639 1077 765 1138 alacres
778 1077 889 1156 itaque
910 1076 1063 1157 frequen-

118 1161 182 1234 teS,
206 1157 255 1219 uti
276 1157 355 1221 olim
377 1156 524 1236 undique
545 1155 587 1218 ad
608 1155 820 1218 Franciscum
849 1155 961 1235 ipsum
991 1175 1060 1219 sese

119 1238 273 1300 certatim
296 1235 530 1300 effundebant!
553 1271 592 1282 -
613 1237 683 1298 Hoc
704 1241 817 1299 autem
838 1237 963 1316 majore
984 1255 1060 1300 oon·

118 1318 268 1380 tentione
288 1319 454 1398 poscimus
476 1321 509 1378 et
530 1317 656 1394 potiore
673 1314 750 1395 jure
771 1318 813 1378 ab
835 1317 929 1380 Italis
951 1335 1060 1397 spera·

117 1415 207 1477 mus,
244 1415 326 1478 quos
356 1399 456 1460 unius
487 1396 603 1476 patriae
635 1395 841 1459 necessitudo
872 1401 906 1459 et
926 1398 1060 1460 uberior

118 1481 332 1558 acceptorum
355 1477 589 1541 beneficiorum
610 1480 704 1557 copia
725 1478 938 1556 propensiore
965 1477 1061 1556 jubet

120 1576 195 1621 esse
216 1559 250 1619 in
272 1558 488 1621 Francisoum
508 1558 620 1620 animo
642 1563 675 1620 et
696 1558 838 1637 majores
857 1557 963 1619 eidem
984 1575 1062 1632 gra-

118 1639 185 1702 tias
207 1636 338 1701 habere
363 1641 415 1700 lta
436 1655 515 1700 sane
536 1641 664 1716 septem
685 1646 760 1717 post
780 1637 912 1700 saeculis
934 1637 1061 1699 Italieae

118 1719 216 1797 genti
237 1722 270 1779 et
291 1719 381 1780 omni
401 1717 582 1781 christiano
603 1718 675 1780 orbi
696 1717 918 1795 contingeret,
940 1719 1025 1778 utse
1040 1735 1061 1778 a

117 1797 370 1878 perturbatione
398 1802 592 1861 revocatum
624 1797 664 1860 ad
697 1797 985 1878 tranquillitatem,
1019 1797 1060 1859 ab

118 1877 221 1941 exitio
254 1878 297 1940 ad
327 1879 481 1957 salutem,
514 1877 657 1940 hominis
688 1877 882 1939 assisiensis
902 1875 1061 1939 beneficio

117 1959 268 2022 sentiret.
294 1958 332 2021 Id
353 1957 486 2040 quidem
508 1958 676 2021 communi
697 1975 803 2037 prece,
825 1973 883 2038 per
906 1956 968 2019 hos
991 1956 1061 2019 dies

119 2039 278 2116 maxime,
301 2039 343 2102 ab
363 2044 435 2120 ipso
457 2038 631 2101 Francisco
651 2037 862 2114 flagitemus:
880 2037 966 2100 idem
982 2054 1061 2100 con·

118 2120 297 2182 tendamus
319 2138 339 2180 a
360 2119 466 2180 Maria
485 2118 624 2197 Virgine
646 2124 752 2179 matre
772 2119 838 2193 Dei,
855 2136 929 2197 quae
944 2117 1062 2180 famuli

118 2201 172 2262 sui
194 2200 354 2278 pietatem
376 2218 414 2261 ac
435 2198 534 2260 fidem
556 2199 680 2260 eaelesti
701 2201 808 2261 tutela
822 2199 982 2278 donisque
996 2199 1063 2260 sin·

118 2279 296 2360 gularibus
317 2283 476 2360 perpetuo
497 2279 731 2341 remuneravit.

161 2360 295 2421 Interea
314 2358 495 2422 caelestium
517 2375 694 2420 munerum
715 2359 895 2437 auspicem,
919 2363 953 2420 et
979 2375 1064 2438 prae-

118 2441 228 2520 cipuae
250 2440 379 2502 Nostrae
404 2438 644 2501 benevolentia
675 2442 805 2516 testem,
836 2438 1063 2518 Apostolicam

118 2518 389 2582 Benedictionem
404 2519 518 2596 Vobis,
536 2518 748 2581 Venerabilee
769 2519 912 2593 Fratres,
928 2518 1063 2579 univer-

116 2616 221 2680 soque
252 2600 346 2663 Clero
367 2605 401 2663 et
431 2599 565 2679 populo,
588 2598 733 2677 singulis
754 2598 953 2676 concredito
986 2614 1060 2676 per-

117 2685 273 2743 amanter
291 2680 326 2742 in
347 2681 489 2742 Domino
510 2679 730 2759 impertimus.

159 2762 285 2823 Datum
307 2761 417 2822 Romae
438 2760 525 2840 apud
547 2761 578 2822 S.
603 2761 737 2821 Petrum
752 2757 804 2820 die
818 2775 892 2820 xvu
913 2755 1060 2837 Septem·

116 2841 200 2919 bris,
225 2857 314 2902 anno
335 2855 577 2918 uncconxxxn,
596 2838 814 2902 Pontificatus
835 2836 948 2900 Nostri
974 2854 1062 2900 anno

117 2920 251 3002 quinto.

452 3177 531 3240 LEO
553 3175 614 3237 ΡΡ.
639 3176 732 3239 ΧΙΙΙ.
