2576 4180
534 256 713 317 -l8l-

150 364 336 442 capacitate
357 366 417 425 aut
437 361 645 426 inhabilitate
667 363 898 443 quoquomodo
920 366 1092 427 contracta

150 442 354 524 dispensare,
374 444 429 506 vel
450 442 598 523 aliquam
619 443 814 505 facultatem
832 443 976 506 tribuere
991 461 1091 524 super

148 523 333 604 praemissis
354 522 568 605 dispensandi
589 541 647 585 seu
668 522 877 600 habilitandi,
909 527 943 585 et
969 525 1003 585 in
1024 525 1092 605 pri·

148 603 278 666 atinum
300 607 424 667 statum
445 604 640 666 restituendi
661 607 762 665 etiam
784 603 819 666 in
840 603 911 666 foro
925 606 1094 666 conscien-

149 683 226 762 tiae;
249 700 358 764 neque
379 685 479 748 etiam
501 684 663 763 derogare
684 683 920 747 constitutioni
941 701 1017 746 oum
1033 702 1092 763 ap-

148 764 271 844 positis
303 764 585 828 declarationibus
616 763 713 827 editae
743 781 763 825 a
784 763 839 825 fel.
854 781 930 826 rec.
954 765 1091 827 Benedi-

149 847 207 905 cto
228 843 318 919 XIV,
341 844 584 908 Praedecessore
599 846 731 918 Nostro,
748 861 822 926 quae
836 845 954 924 incipit
969 849 1093 908 Sacro-

149 925 307 985 ineptum
322 928 545 988 Poeutterttr'oe
555 945 566 1003 ;
589 941 697 1005 neque
712 924 845 987 demum
862 924 990 987 easdem
1008 943 1092 1006 prae-

149 1009 264 1066 sentes
286 1003 327 1065 iis
372 1005 406 1066 ni
428 1023 448 1066 a
469 1005 572 1069 Nobis
594 1008 627 1068 et
648 1004 841 1086 Apostolica
862 1004 955 1083 Sede,
977 1005 1029 1067 vel
1052 1006 1093 1068 ab

150 1085 267 1164 aliquo
288 1022 440 1163 Praeqato,
462 1103 520 1148 seu
540 1087 559 1148 J
564 1084 657 1148 udioe
689 1085 912 1148 ecclesiastico
944 1086 1092 1148 nomina-

149 1163 215 1227 tim
236 1165 525 1244 excommunicati,
548 1166 712 1258 suspensi²
734 1164 913 1244 interdicti,
930 1183 988 1228 seu
1009 1165 1092 1229 alias

147 1245 187 1306 in
208 1246 394 1308 sententias
414 1249 447 1307 et
468 1263 625 1309 censuras
646 1245 799 1308 incrdisse
830 1245 1010 1326 declarati,
1040 1247 1093 1309 vel

149 1324 285 1404 publice
306 1325 499 1390 denuntiati
521 1326 656 1404 fuerint,
679 1326 742 1389 nisi
774 1326 864 1389 intra
893 1327 1091 1404 praediotum

148 1409 284 1483 tempus
319 1406 548 1484 satisfecerint,
582 1409 616 1468 et
646 1406 903 1484 compartibus,
929 1406 985 1469 ubi
1008 1425 1090 1486 opus

148 1485 264 1561 fuerit,
278 1485 564 1564 concordaverint,
594 1487 663 1549 ullo
689 1486 786 1548 modo
801 1485 980 1564 suffragari
995 1504 1091 1567 posse

149 1569 212 1627 aut
234 1564 362 1630 debere.
386 1566 478 1642 Quod
498 1567 527 1630 si
547 1567 636 1629 intra
665 1565 867 1646 praefinitum
897 1570 1089 1646 terminum,

145 1644 278 1726 J‘udicio
299 1645 505 1725 confessarii,
528 1647 720 1710 satisfacere
741 1664 808 1709 non
830 1647 1012 1726 potuerint,
1037 1649 1092 1711 ab·

149 1725 238 1788 solvi
260 1742 357 1805 posse
377 1727 588 1790 concedimus
608 1728 643 1789 in
664 1727 736 1790 foro
757 1726 967 1788 conscientiae
988 1727 1029 1789 ad
1045 1728 1091 1790 ef·

148 1805 278 1868 fectum
299 1805 474 1869 dumtaxat
488 1807 686 1888 assequendi
700 1805 928 1886 indulgentias
942 1808 961 1868 J
966 1807 1089 1888 ubilaei,

147 1885 304 1964 injuncta
329 1887 532 1964 obligatione
557 1886 780 1952 satisfaciendi
805 1885 920 1948 statim
944 1905 983 1952 ao
996 1891 1090 1968 pote-

150 1969 244 2028 runt.

192 2047 399 2126 Quapropter
420 2048 456 2109 in
478 2047 601 2110 virtute
623 2050 747 2110 sancta
768 2046 964 2109 obedientiae
977 2047 1102 2112 tenore¹

149 2126 368 2206 praesentium
384 2127 532 2204 districte
546 2128 770 2208 praecipimus,
783 2131 884 2208 atque
895 2128 1092 2192 mandamus

150 2206 329 2287 omnibus,
365 2212 397 2269 et
431 2208 694 2288 quibuscumque
729 2207 908 2270 Ordinariis
943 2209 1091 2272 locorum

148 2286 354 2368 ubicumque
375 2288 601 2358 existentibus,
625 2305 806 2368 eorumque
827 2288 967 2352 Vicariis
988 2293 1022 2352 et
1035 2289 1089 2351 Of-

149 2365 329 2446 ficialibus,
354 2368 406 2431 vel
427 2368 506 2448 ipsis
527 2369 766 2446 deficientibus,
791 2367 871 2447 illis,
897 2369 953 2449 qui
975 2385 1091 2432 curem

149 2446 339 2509 animarum
360 2454 523 2526 exercent,
548 2454 586 2511 ut
607 2467 681 2511 oum
704 2449 918 2528 praesentium
946 2448 1088 2511 Littera·

148 2543 227 2588 rum
250 2530 472 2609 transumpta,
494 2534 552 2591 aut
574 2530 725 2609 exempla
745 2529 844 2590 ctiam
865 2529 1025 2608 impressa
1039 2547 1092 2591 ac

150 2607 313 2687 ceperint,
337 2608 406 2684 illa,
423 2626 481 2687 per
495 2627 575 2672 suas
589 2609 753 2671 Ecclesiae
768 2626 806 2670 eo
823 2609 995 2686 Dioeceses,
1013 2609 1091 2671 Pro·

146 2687 290 2765 vincias,
313 2688 480 2765 Civitates,
503 2689 641 2770 Oppida,
673 2689 801 2767 Terrae,
823 2690 858 2750 et
877 2689 951 2750 loca
983 2689 1091 2768 publi-

149 2772 241 2846 cent,
262 2768 317 2829 vel
338 2768 500 2848 publicari
514 2769 652 2847 faciant,
668 2769 865 2848 populisque
879 2769 978 2830 etiam
1002 2770 1091 2832 verbi

147 2847 210 2910 Dei
230 2847 475 2928 praedicatione,
499 2850 607 2930 quoad
629 2849 701 2911 fieri
721 2848 838 2930 possit,
871 2849 931 2910 rite
962 2866 1090 2929 praepa-

147 2928 242 3069 fletis,
266 2928 451 2991 Ecclesiam
471 2947 531 2992 seu
553 2929 717 2992 Ecclesiae
739 2928 922 2992 visitandas
938 2935 975 2993 ut
990 2948 1092 3011 supra

173 3008 341 3084 asignent.

191 3088 266 3150 Non
291 3089 503 3151 obstantibus
532 3088 829 3152 Constitutionibus
851 3093 883 3152 et
904 3089 1091 3152 Ordinatio·

148 3165 250 3230 nibus
270 3170 480 3248 Apostoliois,
510 3171 695 3249 praesertim
727 3171 848 3250 quibus
868 3169 1012 3232 facultas
1033 3170 1090 3232 ab·

148 3247 301 3310 solvendi
324 3249 357 3310 in
380 3249 480 3312 certis
499 3252 580 3311 tuno
602 3251 765 3330 expressis
786 3251 917 3314 casibus
948 3250 996 3311 ita
1026 3252 1089 3312 Ro-

149 3344 250 3390 mano
272 3328 423 3390 Pontifici
444 3345 503 3408 pro
525 3333 675 3410 tempore
700 3331 855 3393 existenti
887 3332 1087 3406 reservatur,

149 3411 190 3468 ut
223 3425 284 3470 nec
305 3409 405 3472 etiam
426 3409 552 3471 similes
575 3410 628 3471 vel
650 3410 827 3473 dissimiles
860 3409 1111 3488 Indulgentia-¹

150 3504 225 3548 rum
247 3494 281 3550 et
301 3486 502 3551 facultatum
533 3488 725 3569 hujusmodi
756 3489 996 3568 concessiones,
1023 3490 1089 3552 nisi
