<?xml version="1.0" encoding="UTF-8"?>
<!DOCTYPE html PUBLIC "-//W3C//DTD XHTML 1.0 Transitional//EN"
    "http://www.w3.org/TR/xhtml1/DTD/xhtml1-transitional.dtd">
<html xmlns="http://www.w3.org/1999/xhtml" xml:lang="en" lang="en">
 <head>
  <title>
</title>
<meta http-equiv="Content-Type" content="text/html;charset=utf-8" />
  <meta name='ocr-system' content='tesseract 3.04.00' />
  <meta name='ocr-capabilities' content='ocr_page ocr_carea ocr_par ocr_line ocrx_word'/>
</head>
<body>
  <div class='ocr_page' id='page_1' title='image "./epistolaeencycl00xiiigoog_0032.png"; bbox 0 0 2484 4178; ppageno 0'>
   <div class='ocr_carea' id='block_1_1' title="bbox 431 274 592 337">
    <p class='ocr_par' dir='ltr' id='par_1_1' title="bbox 431 274 592 337">
     <span class='ocr_line' id='line_1_1' title="bbox 431 274 592 337; baseline -0.012 -17"><span class='ocrx_word' id='word_1_1' title='bbox 431 274 592 337; x_wconf 63' lang='lat'>„25-</span> 
     </span>
    </p>
   </div>
   <div class='ocr_carea' id='block_1_2' title="bbox 21 380 1061 3357">
    <p class='ocr_par' dir='ltr' id='par_1_2' title="bbox 21 380 1061 3357">
     <span class='ocr_line' id='line_1_2' title="bbox 72 380 980 464; baseline 0.006 -23"><span class='ocrx_word' id='word_1_2' title='bbox 72 382 125 444; x_wconf 83' lang='lat' dir='ltr'>lieu</span> <span class='ocrx_word' id='word_1_3' title='bbox 143 383 303 464; x_wconf 81' lang='lat' dir='ltr'>sapientise</span> <span class='ocrx_word' id='word_1_4' title='bbox 323 380 524 462; x_wconf 88' lang='lat' dir='ltr'>persuadere</span> <span class='ocrx_word' id='word_1_5' title='bbox 545 381 737 445; x_wconf 93' lang='lat' dir='ltr'>hominibus</span> <span class='ocrx_word' id='word_1_6' title='bbox 766 385 900 446; x_wconf 90' lang='lat' dir='ltr'>strenue</span> <span class='ocrx_word' id='word_1_7' title='bbox 926 383 980 446; x_wconf 81' lang='lat' dir='ltr'>ni·</span> 
     </span>
     <span class='ocr_line' id='line_1_3' title="bbox 71 461 975 544; baseline 0.008 -23"><span class='ocrx_word' id='word_1_8' title='bbox 71 468 173 537; x_wconf 82' lang='lat' dir='ltr'>tantur,</span> <span class='ocrx_word' id='word_1_9' title='bbox 193 481 258 526; x_wconf 92' lang='lat' dir='ltr'>non</span> <span class='ocrx_word' id='word_1_10' title='bbox 279 462 328 526; x_wconf 85' lang='lat' dir='ltr'>sio</span> <span class='ocrx_word' id='word_1_11' title='bbox 348 461 590 544; x_wconf 81' lang='lat' dir='ltr'>philosophiam</span> <span class='ocrx_word' id='word_1_12' title='bbox 610 467 807 541; x_wconf 91' lang='lat' dir='ltr'>evertentes,</span> <span class='ocrx_word' id='word_1_13' title='bbox 830 466 870 526; x_wconf 89' lang='lat' dir='ltr'>ut</span> <span class='ocrx_word' id='word_1_14' title='bbox 892 467 975 528; x_wconf 88' lang='lat' dir='ltr'>Aca-</span> 
     </span>
     <span class='ocr_line' id='line_1_4' title="bbox 71 541 979 624; baseline 0.009 -23"><span class='ocrx_word' id='word_1_15' title='bbox 71 544 165 606; x_wconf 83' lang='lat' dir='ltr'>demici</span> <span class='ocrx_word' id='word_1_16' title='bbox 193 543 298 606; x_wconf 84' lang='lat' dir='ltr'><strong>solent</strong></span> <span class='ocrx_word' id='word_1_17' title='bbox 319 545 343 620; x_wconf 81' lang='lat'>1,</span> <span class='ocrx_word' id='word_1_18' title='bbox 366 541 424 605; x_wconf 91' lang='lat' dir='ltr'>sed</span> <span class='ocrx_word' id='word_1_19' title='bbox 455 543 576 624; x_wconf 90' lang='lat' dir='ltr'>partim</span> <span class='ocrx_word' id='word_1_20' title='bbox 606 543 675 606; x_wconf 88' lang='lat' dir='ltr'>suis</span> <span class='ocrx_word' id='word_1_21' title='bbox 705 545 830 623; x_wconf 91' lang='lat' dir='ltr'>armis,</span> <span class='ocrx_word' id='word_1_22' title='bbox 853 546 979 624; x_wconf 84' lang='lat' dir='ltr'>pertim-</span> 
     </span>
     <span class='ocr_line' id='line_1_5' title="bbox 70 621 976 704; baseline 0.009 -24"><span class='ocrx_word' id='word_1_23' title='bbox 70 639 129 686; x_wconf 84' lang='lat' dir='ltr'>rero</span> <span class='ocrx_word' id='word_1_24' title='bbox 140 641 175 687; x_wconf 84' lang='lat' dir='ltr'>ex</span> <span class='ocrx_word' id='word_1_25' title='bbox 187 621 457 704; x_wconf 89' lang='lat' dir='ltr'>philosophorum</span> <span class='ocrx_word' id='word_1_26' title='bbox 479 623 566 685; x_wconf 89' lang='lat' dir='ltr'>inter</span> <span class='ocrx_word' id='word_1_27' title='bbox 580 641 614 685; x_wconf 89' lang='lat' dir='ltr'>se</span> <span class='ocrx_word' id='word_1_28' title='bbox 628 627 872 688; x_wconf 84' lang='lat' dir='ltr'>concertatione</span> <span class='ocrx_word' id='word_1_29' title='bbox 886 643 976 688; x_wconf 90' lang='lat' dir='ltr'>sum·</span> 
     </span>
     <span class='ocr_line' id='line_1_6' title="bbox 68 703 977 780; baseline 0.004 -16"><span class='ocrx_word' id='word_1_30' title='bbox 68 703 117 780; x_wconf 84' lang='lat' dir='ltr'>ptis</span> <span class='ocrx_word' id='word_1_31' title='bbox 134 722 183 766; x_wconf 90' lang='lat' dir='ltr'>eos</span> <span class='ocrx_word' id='word_1_32' title='bbox 203 705 410 768; x_wconf 89' lang='lat' dir='ltr'>revincentes</span> <span class='ocrx_word' id='word_1_33' title='bbox 431 705 454 766; x_wconf 79' lang='lat'>2.</span> <span class='ocrx_word' id='word_1_34' title='bbox 478 737 517 747; x_wconf 92' lang='lat'>-—</span> <span class='ocrx_word' id='word_1_35' title='bbox 545 705 621 778; x_wconf 84' lang='lat' dir='ltr'>Quae</span> <span class='ocrx_word' id='word_1_36' title='bbox 652 710 763 766; x_wconf 90' lang='lat' dir='ltr'>autem</span> <span class='ocrx_word' id='word_1_37' title='bbox 794 704 834 768; x_wconf 92' lang='lat' dir='ltr'>de</span> <span class='ocrx_word' id='word_1_38' title='bbox 865 705 977 768; x_wconf 86' lang='lat' dir='ltr'>anima</span> 
     </span>
     <span class='ocr_line' id='line_1_7' title="bbox 68 781 976 865; baseline 0.007 -24"><span class='ocrx_word' id='word_1_39' title='bbox 68 781 207 865; x_wconf 85' lang='lat' dir='ltr'>humana,</span> <span class='ocrx_word' id='word_1_40' title='bbox 230 785 269 848; x_wconf 92' lang='lat' dir='ltr'>de</span> <span class='ocrx_word' id='word_1_41' title='bbox 301 784 423 846; x_wconf 90' lang='lat' dir='ltr'>divinis</span> <span class='ocrx_word' id='word_1_42' title='bbox 453 783 643 861; x_wconf 90' lang='lat' dir='ltr'>attributis,</span> <span class='ocrx_word' id='word_1_43' title='bbox 670 784 808 864; x_wconf 91' lang='lat' dir='ltr'>aliisque</span> <span class='ocrx_word' id='word_1_44' title='bbox 837 785 976 847; x_wconf 87' lang='lat' dir='ltr'>maximi</span> 
     </span>
     <span class='ocr_line' id='line_1_8' title="bbox 67 865 977 947; baseline 0.005 -24"><span class='ocrx_word' id='word_1_45' title='bbox 67 865 198 927; x_wconf 84' lang='lat' dir='ltr'>momenti</span> <span class='ocrx_word' id='word_1_46' title='bbox 232 865 472 947; x_wconf 84' lang='lat' dir='ltr'>qrraestionibus</span> <span class='ocrx_word' id='word_1_47' title='bbox 506 880 653 941; x_wconf 84' lang='lat' dir='ltr'>magnus</span> <span class='ocrx_word' id='word_1_48' title='bbox 685 866 902 928; x_wconf 79' lang='lat' dir='ltr'>Athanasius</span> <span class='ocrx_word' id='word_1_49' title='bbox 943 870 977 928; x_wconf 87' lang='lat' dir='ltr'>et</span> 
     </span>
     <span class='ocr_line' id='line_1_9' title="bbox 69 944 974 1026; baseline 0.003 -21"><span class='ocrx_word' id='word_1_50' title='bbox 69 947 305 1020; x_wconf 66' lang='lat' dir='ltr'>chrysostomus</span> <span class='ocrx_word' id='word_1_51' title='bbox 326 948 494 1009; x_wconf 86' lang='lat' dir='ltr'>oratorum</span> <span class='ocrx_word' id='word_1_52' title='bbox 516 945 680 1026; x_wconf 73' lang='lat' dir='ltr'>princepe,</span> <span class='ocrx_word' id='word_1_53' title='bbox 695 946 818 1025; x_wconf 87' lang='lat' dir='ltr'>scripto</span> <span class='ocrx_word' id='word_1_54' title='bbox 833 944 974 1025; x_wconf 90' lang='lat' dir='ltr'>relique-</span> 
     </span>
     <span class='ocr_line' id='line_1_10' title="bbox 65 1024 979 1107; baseline 0.005 -23"><span class='ocrx_word' id='word_1_55' title='bbox 65 1030 136 1105; x_wconf 89' lang='lat' dir='ltr'>runt,</span> <span class='ocrx_word' id='word_1_56' title='bbox 154 1027 219 1102; x_wconf 89' lang='lat' dir='ltr'>ita,</span> <span class='ocrx_word' id='word_1_57' title='bbox 242 1026 390 1090; x_wconf 89' lang='lat' dir='ltr'>omnium</span> <span class='ocrx_word' id='word_1_58' title='bbox 419 1024 567 1105; x_wconf 86' lang='lat' dir='ltr'>judicio,</span> <span class='ocrx_word' id='word_1_59' title='bbox 589 1024 778 1104; x_wconf 84' lang='lat' dir='ltr'>excellunt,</span> <span class='ocrx_word' id='word_1_60' title='bbox 801 1029 840 1088; x_wconf 91' lang='lat' dir='ltr'>ut</span> <span class='ocrx_word' id='word_1_61' title='bbox 870 1043 979 1107; x_wconf 83' lang='lat' dir='ltr'>prope</span> 
     </span>
     <span class='ocr_line' id='line_1_11' title="bbox 66 1104 973 1186; baseline 0.008 -23"><span class='ocrx_word' id='word_1_62' title='bbox 66 1104 128 1167; x_wconf 89' lang='lat' dir='ltr'>nihil</span> <span class='ocrx_word' id='word_1_63' title='bbox 147 1107 184 1168; x_wconf 90' lang='lat' dir='ltr'>ad</span> <span class='ocrx_word' id='word_1_64' title='bbox 198 1108 333 1170; x_wconf 89' lang='lat' dir='ltr'>illorum</span> <span class='ocrx_word' id='word_1_65' title='bbox 347 1106 568 1169; x_wconf 81' lang='lat' dir='ltr'>subtilitatem</span> <span class='ocrx_word' id='word_1_66' title='bbox 589 1109 623 1167; x_wconf 88' lang='lat' dir='ltr'>et</span> <span class='ocrx_word' id='word_1_67' title='bbox 636 1107 764 1186; x_wconf 87' lang='lat' dir='ltr'>copiam</span> <span class='ocrx_word' id='word_1_68' title='bbox 786 1105 862 1168; x_wconf 91' lang='lat' dir='ltr'>addi</span> <span class='ocrx_word' id='word_1_69' title='bbox 875 1122 973 1184; x_wconf 88' lang='lat' dir='ltr'>posse</span> 
     </span>
     <span class='ocr_line' id='line_1_12' title="bbox 65 1184 973 1265; baseline 0.008 -22"><span class='ocrx_word' id='word_1_70' title='bbox 65 1184 200 1249; x_wconf 83' lang='lat' dir='ltr'>rideatur.</span> <span class='ocrx_word' id='word_1_71' title='bbox 225 1221 262 1232; x_wconf 89' lang='lat'>-</span> <span class='ocrx_word' id='word_1_72' title='bbox 292 1189 335 1250; x_wconf 86' lang='lat' dir='ltr'>Et</span> <span class='ocrx_word' id='word_1_73' title='bbox 354 1205 396 1250; x_wconf 91' lang='lat' dir='ltr'>ne</span> <span class='ocrx_word' id='word_1_74' title='bbox 416 1186 561 1265; x_wconf 86' lang='lat' dir='ltr'>singulis</span> <span class='ocrx_word' id='word_1_75' title='bbox 581 1186 790 1249; x_wconf 81' lang='lat' dir='ltr'>recensendis</span> <span class='ocrx_word' id='word_1_76' title='bbox 811 1184 905 1249; x_wconf 92' lang='lat' dir='ltr'>nimii</span> <span class='ocrx_word' id='word_1_77' title='bbox 927 1188 973 1250; x_wconf 92' lang='lat' dir='ltr'>si·</span> 
     </span>
     <span class='ocr_line' id='line_1_13' title="bbox 64 1266 979 1347; baseline 0.004 -21"><span class='ocrx_word' id='word_1_78' title='bbox 64 1282 130 1344; x_wconf 85' lang='lat' dir='ltr'>nus,</span> <span class='ocrx_word' id='word_1_79' title='bbox 151 1285 353 1331; x_wconf 90' lang='lat' dir='ltr'>summorum</span> <span class='ocrx_word' id='word_1_80' title='bbox 384 1283 523 1330; x_wconf 89' lang='lat' dir='ltr'>numero</span> <span class='ocrx_word' id='word_1_81' title='bbox 554 1266 723 1344; x_wconf 84' lang='lat' dir='ltr'>virorum,</span> <span class='ocrx_word' id='word_1_82' title='bbox 751 1284 892 1347; x_wconf 91' lang='lat' dir='ltr'>quorum</span> <span class='ocrx_word' id='word_1_83' title='bbox 923 1272 979 1330; x_wconf 84' lang='lat' dir='ltr'>est-</span> 
     </span>
     <span class='ocr_line' id='line_1_14' title="bbox 63 1347 974 1426; baseline 0.004 -21"><span class='ocrx_word' id='word_1_84' title='bbox 63 1347 161 1409; x_wconf 87' lang='lat' dir='ltr'>nentio</span> <span class='ocrx_word' id='word_1_85' title='bbox 181 1348 282 1421; x_wconf 85' lang='lat' dir='ltr'>iacta,</span> <span class='ocrx_word' id='word_1_86' title='bbox 306 1347 521 1426; x_wconf 80' lang='lat' dir='ltr'>adjungimus</span> <span class='ocrx_word' id='word_1_87' title='bbox 543 1350 714 1410; x_wconf 75' lang='lat' dir='ltr'>Basiliam</span> <span class='ocrx_word' id='word_1_88' title='bbox 745 1365 907 1426; x_wconf 89' lang='lat' dir='ltr'>magnum</span> <span class='ocrx_word' id='word_1_89' title='bbox 939 1353 974 1410; x_wconf 89' lang='lat' dir='ltr'>et</span> 
     </span>
     <span class='ocr_line' id='line_1_15' title="bbox 62 1426 971 1509; baseline 0.008 -26"><span class='ocrx_word' id='word_1_90' title='bbox 62 1429 213 1509; x_wconf 88' lang='lat' dir='ltr'>utrumque</span> <span class='ocrx_word' id='word_1_91' title='bbox 236 1432 455 1507; x_wconf 74' lang='lat' dir='ltr'>Gregorium,</span> <span class='ocrx_word' id='word_1_92' title='bbox 480 1428 548 1508; x_wconf 91' lang='lat' dir='ltr'>qui,</span> <span class='ocrx_word' id='word_1_93' title='bbox 572 1446 648 1489; x_wconf 88' lang='lat' dir='ltr'>cum</span> <span class='ocrx_word' id='word_1_94' title='bbox 672 1426 828 1500; x_wconf 80' lang='lat' dir='ltr'>Athenis,</span> <span class='ocrx_word' id='word_1_95' title='bbox 850 1445 891 1489; x_wconf 85' lang='lat' dir='ltr'>ex</span> <span class='ocrx_word' id='word_1_96' title='bbox 914 1426 971 1490; x_wconf 93' lang='lat' dir='ltr'>do-</span> 
     </span>
     <span class='ocr_line' id='line_1_16' title="bbox 62 1506 976 1588; baseline 0.005 -23"><span class='ocrx_word' id='word_1_97' title='bbox 62 1506 156 1571; x_wconf 88' lang='lat' dir='ltr'>nicilio</span> <span class='ocrx_word' id='word_1_98' title='bbox 185 1509 291 1572; x_wconf 88' lang='lat' dir='ltr'>totius</span> <span class='ocrx_word' id='word_1_99' title='bbox 320 1507 550 1584; x_wconf 90' lang='lat' dir='ltr'>humanitatis,</span> <span class='ocrx_word' id='word_1_100' title='bbox 574 1507 734 1569; x_wconf 81' lang='lat' dir='ltr'>exiissent</span> <span class='ocrx_word' id='word_1_101' title='bbox 757 1508 976 1588; x_wconf 69' lang='lat' dir='ltr'>philosophia</span> 
     </span>
     <span class='ocr_line' id='line_1_17' title="bbox 63 1587 979 1670; baseline 0.005 -25"><span class='ocrx_word' id='word_1_102' title='bbox 63 1589 146 1652; x_wconf 89' lang='lat' dir='ltr'>omnis</span> <span class='ocrx_word' id='word_1_103' title='bbox 159 1595 321 1670; x_wconf 86' lang='lat' dir='ltr'>apparatu</span> <span class='ocrx_word' id='word_1_104' title='bbox 336 1587 463 1651; x_wconf 84' lang='lat' dir='ltr'>affatim</span> <span class='ocrx_word' id='word_1_105' title='bbox 478 1588 642 1663; x_wconf 74' lang='lat' dir='ltr'>instructi,</span> <span class='ocrx_word' id='word_1_106' title='bbox 660 1606 742 1668; x_wconf 90' lang='lat' dir='ltr'>quas</span> <span class='ocrx_word' id='word_1_107' title='bbox 759 1587 819 1650; x_wconf 93' lang='lat' dir='ltr'>sibi</span> <span class='ocrx_word' id='word_1_108' title='bbox 836 1589 979 1669; x_wconf 87' lang='lat' dir='ltr'>quisque·</span> 
     </span>
     <span class='ocr_line' id='line_1_18' title="bbox 62 1663 974 1751; baseline 0.005 -27"><span class='ocrx_word' id='word_1_109' title='bbox 62 1663 193 1732; x_wconf 86' lang='lat' dir='ltr'>doctrinae</span> <span class='ocrx_word' id='word_1_110' title='bbox 225 1688 306 1751; x_wconf 85' lang='lat' dir='ltr'>opes</span> <span class='ocrx_word' id='word_1_111' title='bbox 337 1668 545 1732; x_wconf 87' lang='lat' dir='ltr'>inflammato</span> <span class='ocrx_word' id='word_1_112' title='bbox 576 1667 687 1730; x_wconf 89' lang='lat' dir='ltr'>studio</span> <span class='ocrx_word' id='word_1_113' title='bbox 711 1674 892 1747; x_wconf 88' lang='lat' dir='ltr'>pepererat,</span> <span class='ocrx_word' id='word_1_114' title='bbox 916 1686 974 1730; x_wconf 90' lang='lat' dir='ltr'>eas</span> 
     </span>
     <span class='ocr_line' id='line_1_19' title="bbox 22 1745 972 1828; baseline 0.002 -22"><span class='ocrx_word' id='word_1_115' title='bbox 22 1801 23 1822; x_wconf 74' lang='lat'>,</span> <span class='ocrx_word' id='word_1_116' title='bbox 62 1745 89 1806; x_wconf 85' lang='lat' dir='ltr'>ad</span> <span class='ocrx_word' id='word_1_117' title='bbox 105 1748 268 1814; x_wconf 78' lang='lat' dir='ltr'>hereticos</span> <span class='ocrx_word' id='word_1_118' title='bbox 288 1749 494 1827; x_wconf 82' lang='lat' dir='ltr'>refutandos,</span> <span class='ocrx_word' id='word_1_119' title='bbox 516 1747 802 1828; x_wconf 87' lang='lat' dir='ltr'>instituendosque</span> <span class='ocrx_word' id='word_1_120' title='bbox 822 1747 972 1810; x_wconf 87' lang='lat' dir='ltr'>christia-</span> 
     </span>
     <span class='ocr_line' id='line_1_20' title="bbox 22 1828 976 1909; baseline 0.002 -21"><span class='ocrx_word' id='word_1_121' title='bbox 22 1847 23 1908; x_wconf 67' lang='lat' dir='ltr'>j</span> <span class='ocrx_word' id='word_1_122' title='bbox 61 1843 103 1889; x_wconf 86' lang='lat' dir='ltr'>uos</span> <span class='ocrx_word' id='word_1_123' title='bbox 119 1835 361 1894; x_wconf 84' lang='lat' dir='ltr'>converterunt.</span> <span class='ocrx_word' id='word_1_124' title='bbox 382 1865 421 1875; x_wconf 94' lang='lat'>-</span> <span class='ocrx_word' id='word_1_125' title='bbox 442 1828 503 1892; x_wconf 83' lang='lat' dir='ltr'>Sed</span> <span class='ocrx_word' id='word_1_126' title='bbox 525 1828 679 1891; x_wconf 89' lang='lat' dir='ltr'>omnibus</span> <span class='ocrx_word' id='word_1_127' title='bbox 700 1829 805 1891; x_wconf 90' lang='lat' dir='ltr'>veluti</span> <span class='ocrx_word' id='word_1_128' title='bbox 825 1829 976 1909; x_wconf 81' lang='lat' dir='ltr'>palmam</span> 
     </span>
     <span class='ocr_line' id='line_1_21' title="bbox 22 1909 971 1992; baseline 0.005 -26"><span class='ocrx_word' id='word_1_129' title='bbox 22 1983 23 1992; x_wconf 8' lang='grc' dir='ltr'>ἵ</span> <span class='ocrx_word' id='word_1_130' title='bbox 61 1910 241 1990; x_wconf 74' lang='lat' dir='ltr'>praeripuisse</span> <span class='ocrx_word' id='word_1_131' title='bbox 275 1913 367 1974; x_wconf 88' lang='lat' dir='ltr'>visus</span> <span class='ocrx_word' id='word_1_132' title='bbox 399 1916 451 1972; x_wconf 89' lang='lat' dir='ltr'>est</span> <span class='ocrx_word' id='word_1_133' title='bbox 480 1910 721 1986; x_wconf 67' lang='lat' dir='ltr'>Aliquotiens,</span> <span class='ocrx_word' id='word_1_134' title='bbox 750 1911 803 1990; x_wconf 92' lang='lat' dir='ltr'>qui</span> <span class='ocrx_word' id='word_1_135' title='bbox 834 1909 971 1987; x_wconf 90' lang='lat' dir='ltr'>ingenio</span> 
     </span>
     <span class='ocr_line' id='line_1_22' title="bbox 21 1987 974 2070; baseline -0.007 -12"><span class='ocrx_word' id='word_1_136' title='bbox 21 2031 24 2058; x_wconf 63' lang='lat' dir='ltr'>r</span> <span class='ocrx_word' id='word_1_137' title='bbox 60 1996 241 2070; x_wconf 79' lang='lat' dir='ltr'>prepotens,</span> <span class='ocrx_word' id='word_1_138' title='bbox 275 1996 308 2053; x_wconf 91' lang='lat' dir='ltr'>et</span> <span class='ocrx_word' id='word_1_139' title='bbox 341 1992 445 2054; x_wconf 86' lang='lat' dir='ltr'>sacris</span> <span class='ocrx_word' id='word_1_140' title='bbox 475 1990 689 2070; x_wconf 85' lang='lat' dir='ltr'>profanisque</span> <span class='ocrx_word' id='word_1_141' title='bbox 719 1987 900 2070; x_wconf 88' lang='lat' dir='ltr'>disciplinis</span> <span class='ocrx_word' id='word_1_142' title='bbox 931 1988 974 2051; x_wconf 87' lang='lat' dir='ltr'>ad</span> 
     </span>
     <span class='ocr_line' id='line_1_23' title="bbox 21 2059 980 2160; baseline 0.004 -32"><span class='ocrx_word' id='word_1_143' title='bbox 21 2059 23 2160; x_wconf 65' lang='lat' dir='ltr'>l</span> <span class='ocrx_word' id='word_1_144' title='bbox 61 2067 169 2143; x_wconf 78' lang='lat' dir='ltr'>plenum</span> <span class='ocrx_word' id='word_1_145' title='bbox 190 2073 351 2151; x_wconf 80' lang='lat' dir='ltr'>imbutae,</span> <span class='ocrx_word' id='word_1_146' title='bbox 368 2076 486 2134; x_wconf 87' lang='lat' dir='ltr'>contra</span> <span class='ocrx_word' id='word_1_147' title='bbox 506 2087 621 2132; x_wconf 91' lang='lat' dir='ltr'>omnes</span> <span class='ocrx_word' id='word_1_148' title='bbox 639 2088 707 2132; x_wconf 86' lang='lat' dir='ltr'>suae</span> <span class='ocrx_word' id='word_1_149' title='bbox 722 2074 831 2132; x_wconf 88' lang='lat' dir='ltr'>aetatis</span> <span class='ocrx_word' id='word_1_150' title='bbox 846 2087 980 2133; x_wconf 87' lang='lat' dir='ltr'>errores</span> 
     </span>
     <span class='ocr_line' id='line_1_24' title="bbox 21 2150 1061 2232; baseline 0.007 -27"><span class='ocrx_word' id='word_1_151' title='bbox 21 2177 22 2224; x_wconf 56' lang='lat'>3</span> <span class='ocrx_word' id='word_1_152' title='bbox 61 2154 193 2216; x_wconf 78' lang='lat' dir='ltr'>acerrime</span> <span class='ocrx_word' id='word_1_153' title='bbox 225 2153 399 2217; x_wconf 86' lang='lat' dir='ltr'>dimicavit</span> <span class='ocrx_word' id='word_1_154' title='bbox 429 2151 493 2214; x_wconf 89' lang='lat' dir='ltr'>fide</span> <span class='ocrx_word' id='word_1_155' title='bbox 524 2167 676 2229; x_wconf 89' lang='lat' dir='ltr'>summa,</span> <span class='ocrx_word' id='word_1_156' title='bbox 708 2150 857 2213; x_wconf 90' lang='lat' dir='ltr'>doctrina</span> <span class='ocrx_word' id='word_1_157' title='bbox 887 2150 970 2232; x_wconf 88' lang='lat' dir='ltr'>pari.</span> <span class='ocrx_word' id='word_1_158' title='bbox 1059 2190 1061 2196; x_wconf 85' lang='lat'><em>.</em></span> 
     </span>
     <span class='ocr_line' id='line_1_25' title="bbox 59 2228 980 2315; baseline -0.008 -15"><span class='ocrx_word' id='word_1_159' title='bbox 59 2228 136 2300; x_wconf 81' lang='lat' dir='ltr'>luem</span> <span class='ocrx_word' id='word_1_160' title='bbox 164 2234 218 2297; x_wconf 93' lang='lat' dir='ltr'>ille</span> <span class='ocrx_word' id='word_1_161' title='bbox 243 2232 463 2315; x_wconf 73' lang='lat' dir='ltr'>philosophia</span> <span class='ocrx_word' id='word_1_162' title='bbox 495 2232 605 2293; x_wconf 88' lang='lat' dir='ltr'>locum</span> <span class='ocrx_word' id='word_1_163' title='bbox 636 2249 701 2294; x_wconf 91' lang='lat' dir='ltr'>non</span> <span class='ocrx_word' id='word_1_164' title='bbox 735 2232 873 2312; x_wconf 86' lang='lat' dir='ltr'>attigit;</span> <span class='ocrx_word' id='word_1_165' title='bbox 906 2233 980 2293; x_wconf 89' lang='lat' dir='ltr'>imo</span> 
     </span>
     <span class='ocr_line' id='line_1_26' title="bbox 62 2312 977 2391; baseline 0.002 -20"><span class='ocrx_word' id='word_1_166' title='bbox 62 2326 119 2374; x_wconf 75' lang='lat' dir='ltr'>lero</span> <span class='ocrx_word' id='word_1_167' title='bbox 146 2332 239 2391; x_wconf 87' lang='lat' dir='ltr'>quern</span> <span class='ocrx_word' id='word_1_168' title='bbox 273 2329 339 2376; x_wconf 92' lang='lat' dir='ltr'>non</span> <span class='ocrx_word' id='word_1_169' title='bbox 371 2313 624 2390; x_wconf 89' lang='lat' dir='ltr'>diligentissime</span> <span class='ocrx_word' id='word_1_170' title='bbox 652 2312 881 2390; x_wconf 88' lang='lat' dir='ltr'>investigavit,</span> <span class='ocrx_word' id='word_1_171' title='bbox 904 2313 977 2376; x_wconf 89' lang='lat' dir='ltr'>sive</span> 
     </span>
     <span class='ocr_line' id='line_1_27' title="bbox 59 2391 972 2475; baseline 0 -23"><span class='ocrx_word' id='word_1_172' title='bbox 59 2406 116 2454; x_wconf 82' lang='lat' dir='ltr'>oum</span> <span class='ocrx_word' id='word_1_173' title='bbox 134 2395 293 2458; x_wconf 88' lang='lat' dir='ltr'>altissima</span> <span class='ocrx_word' id='word_1_174' title='bbox 314 2393 389 2456; x_wconf 85' lang='lat' dir='ltr'>fidei</span> <span class='ocrx_word' id='word_1_175' title='bbox 410 2393 573 2475; x_wconf 80' lang='lat' dir='ltr'>mysteria</span> <span class='ocrx_word' id='word_1_176' title='bbox 593 2395 627 2453; x_wconf 89' lang='lat' dir='ltr'>et</span> <span class='ocrx_word' id='word_1_177' title='bbox 646 2391 797 2455; x_wconf 85' lang='lat' dir='ltr'>fidelibus</span> <span class='ocrx_word' id='word_1_178' title='bbox 814 2392 972 2471; x_wconf 88' lang='lat' dir='ltr'>aperiret,</span> 
     </span>
     <span class='ocr_line' id='line_1_28' title="bbox 59 2471 973 2552; baseline 0.002 -20"><span class='ocrx_word' id='word_1_179' title='bbox 59 2474 203 2538; x_wconf 69' lang='lat' dir='ltr'>utcontra</span> <span class='ocrx_word' id='word_1_180' title='bbox 224 2474 496 2537; x_wconf 90' lang='lat' dir='ltr'>adversariorum</span> <span class='ocrx_word' id='word_1_181' title='bbox 518 2489 658 2534; x_wconf 82' lang='lat' dir='ltr'>vesanos</span> <span class='ocrx_word' id='word_1_182' title='bbox 688 2471 832 2552; x_wconf 90' lang='lat' dir='ltr'>impetus</span> <span class='ocrx_word' id='word_1_183' title='bbox 861 2471 973 2534; x_wconf 88' lang='lat' dir='ltr'>defen·</span> 
     </span>
     <span class='ocr_line' id='line_1_29' title="bbox 59 2545 972 2636; baseline 0.008 -28"><span class='ocrx_word' id='word_1_184' title='bbox 59 2545 148 2636; x_wconf 85' lang='lat' dir='ltr'>deret;</span> <span class='ocrx_word' id='word_1_185' title='bbox 178 2556 250 2618; x_wconf 89' lang='lat' dir='ltr'>sive</span> <span class='ocrx_word' id='word_1_186' title='bbox 282 2572 370 2633; x_wconf 89' lang='lat' dir='ltr'>oum,</span> <span class='ocrx_word' id='word_1_187' title='bbox 394 2554 666 2616; x_wconf 83' lang='lat' dir='ltr'>Academicorum</span> <span class='ocrx_word' id='word_1_188' title='bbox 693 2557 753 2616; x_wconf 87' lang='lat' dir='ltr'>aut</span> <span class='ocrx_word' id='word_1_189' title='bbox 774 2552 972 2615; x_wconf 76' lang='lat' dir='ltr'>Manichaeo-</span> 
     </span>
     <span class='ocr_line' id='line_1_30' title="bbox 60 2631 975 2711; baseline 0.004 -21"><span class='ocrx_word' id='word_1_190' title='bbox 60 2644 114 2694; x_wconf 88' lang='lat' dir='ltr'>rum</span> <span class='ocrx_word' id='word_1_191' title='bbox 133 2636 328 2698; x_wconf 90' lang='lat' dir='ltr'>commentis</span> <span class='ocrx_word' id='word_1_192' title='bbox 350 2635 486 2711; x_wconf 88' lang='lat' dir='ltr'>deletis,</span> <span class='ocrx_word' id='word_1_193' title='bbox 509 2634 664 2696; x_wconf 88' lang='lat' dir='ltr'>humanae</span> <span class='ocrx_word' id='word_1_194' title='bbox 686 2633 832 2695; x_wconf 84' lang='lat' dir='ltr'>scientiae</span> <span class='ocrx_word' id='word_1_195' title='bbox 853 2631 975 2694; x_wconf 87' lang='lat' dir='ltr'>funda-</span> 
     </span>
     <span class='ocr_line' id='line_1_31' title="bbox 59 2713 978 2790; baseline 0.003 -20"><span class='ocrx_word' id='word_1_196' title='bbox 59 2719 146 2776; x_wconf 84' lang='lat' dir='ltr'>nenta</span> <span class='ocrx_word' id='word_1_197' title='bbox 165 2722 199 2778; x_wconf 89' lang='lat' dir='ltr'>et</span> <span class='ocrx_word' id='word_1_198' title='bbox 217 2715 459 2779; x_wconf 87' lang='lat' dir='ltr'>firmitudinem</span> <span class='ocrx_word' id='word_1_199' title='bbox 480 2716 514 2776; x_wconf 94' lang='lat' dir='ltr'>in</span> <span class='ocrx_word' id='word_1_200' title='bbox 529 2718 603 2776; x_wconf 88' lang='lat' dir='ltr'>tuto</span> <span class='ocrx_word' id='word_1_201' title='bbox 617 2713 803 2790; x_wconf 88' lang='lat' dir='ltr'>collocavit,</span> <span class='ocrx_word' id='word_1_202' title='bbox 822 2717 881 2774; x_wconf 88' lang='lat' dir='ltr'>aut</span> <span class='ocrx_word' id='word_1_203' title='bbox 901 2730 978 2774; x_wconf 88' lang='lat' dir='ltr'>ma·-</span> 
     </span>
     <span class='ocr_line' id='line_1_32' title="bbox 60 2788 974 2877; baseline 0.005 -29"><span class='ocrx_word' id='word_1_204' title='bbox 60 2788 154 2866; x_wconf 88' lang='lat' dir='ltr'>lorum,</span> <span class='ocrx_word' id='word_1_205' title='bbox 178 2797 298 2877; x_wconf 90' lang='lat' dir='ltr'>quibus</span> <span class='ocrx_word' id='word_1_206' title='bbox 327 2799 527 2875; x_wconf 88' lang='lat' dir='ltr'>premuntur</span> <span class='ocrx_word' id='word_1_207' title='bbox 557 2793 720 2868; x_wconf 88' lang='lat' dir='ltr'>homines,</span> <span class='ocrx_word' id='word_1_208' title='bbox 746 2793 909 2855; x_wconf 90' lang='lat' dir='ltr'>rationem</span> <span class='ocrx_word' id='word_1_209' title='bbox 940 2799 974 2854; x_wconf 89' lang='lat' dir='ltr'>et</span> 
     </span>
     <span class='ocr_line' id='line_1_33' title="bbox 58 2871 977 2954; baseline 0.004 -24"><span class='ocrx_word' id='word_1_210' title='bbox 58 2871 195 2949; x_wconf 84' lang='lat' dir='ltr'>originem</span> <span class='ocrx_word' id='word_1_211' title='bbox 215 2883 249 2939; x_wconf 91' lang='lat' dir='ltr'>et</span> <span class='ocrx_word' id='word_1_212' title='bbox 271 2893 406 2939; x_wconf 86' lang='lat' dir='ltr'>caussas</span> <span class='ocrx_word' id='word_1_213' title='bbox 438 2881 488 2938; x_wconf 87' lang='lat' dir='ltr'>est</span> <span class='ocrx_word' id='word_1_214' title='bbox 520 2873 742 2954; x_wconf 76' lang='lat' dir='ltr'>persecutus?</span> <span class='ocrx_word' id='word_1_215' title='bbox 773 2875 902 2948; x_wconf 87' lang='lat' dir='ltr'>Quanta</span> <span class='ocrx_word' id='word_1_216' title='bbox 933 2872 977 2934; x_wconf 87' lang='lat' dir='ltr'>de</span> 
     </span>
     <span class='ocr_line' id='line_1_34' title="bbox 57 2950 981 3035; baseline 0.002 -24"><span class='ocrx_word' id='word_1_217' title='bbox 57 2950 181 3035; x_wconf 78' lang='lat' dir='ltr'>Angelis,</span> <span class='ocrx_word' id='word_1_218' title='bbox 205 2957 246 3020; x_wconf 93' lang='lat' dir='ltr'>de</span> <span class='ocrx_word' id='word_1_219' title='bbox 269 2957 393 3034; x_wconf 88' lang='lat' dir='ltr'>anima,</span> <span class='ocrx_word' id='word_1_220' title='bbox 417 2955 588 3018; x_wconf 89' lang='lat' dir='ltr'>demente</span> <span class='ocrx_word' id='word_1_221' title='bbox 608 2956 767 3030; x_wconf 90' lang='lat' dir='ltr'>humana,</span> <span class='ocrx_word' id='word_1_222' title='bbox 791 2954 831 3016; x_wconf 90' lang='lat' dir='ltr'>de</span> <span class='ocrx_word' id='word_1_223' title='bbox 853 2955 981 3016; x_wconf 89' lang='lat' dir='ltr'>volun—-</span> 
     </span>
     <span class='ocr_line' id='line_1_35' title="bbox 56 3030 972 3120; baseline 0.004 -30"><span class='ocrx_word' id='word_1_224' title='bbox 56 3030 108 3120; x_wconf 80' lang='lat' dir='ltr'>iate</span> <span class='ocrx_word' id='word_1_225' title='bbox 125 3040 155 3097; x_wconf 92' lang='lat' dir='ltr'>et</span> <span class='ocrx_word' id='word_1_226' title='bbox 174 3037 279 3100; x_wconf 93' lang='lat' dir='ltr'>libero</span> <span class='ocrx_word' id='word_1_227' title='bbox 301 3036 450 3114; x_wconf 90' lang='lat' dir='ltr'>arbitrio,</span> <span class='ocrx_word' id='word_1_228' title='bbox 475 3034 515 3098; x_wconf 92' lang='lat' dir='ltr'>de</span> <span class='ocrx_word' id='word_1_229' title='bbox 546 3035 709 3113; x_wconf 86' lang='lat' dir='ltr'>religione</span> <span class='ocrx_word' id='word_1_230' title='bbox 740 3039 773 3096; x_wconf 87' lang='lat' dir='ltr'>et</span> <span class='ocrx_word' id='word_1_231' title='bbox 804 3034 843 3096; x_wconf 89' lang='lat' dir='ltr'>ds</span> <span class='ocrx_word' id='word_1_232' title='bbox 873 3033 972 3096; x_wconf 89' lang='lat' dir='ltr'>beata</span> 
     </span>
     <span class='ocr_line' id='line_1_36' title="bbox 56 3115 980 3196; baseline 0.01 -31"><span class='ocrx_word' id='word_1_233' title='bbox 56 3115 116 3190; x_wconf 81' lang='lat' dir='ltr'>vita,</span> <span class='ocrx_word' id='word_1_234' title='bbox 135 3115 172 3178; x_wconf 93' lang='lat' dir='ltr'>de</span> <span class='ocrx_word' id='word_1_235' title='bbox 203 3123 353 3196; x_wconf 90' lang='lat' dir='ltr'>tempore</span> <span class='ocrx_word' id='word_1_236' title='bbox 384 3121 417 3180; x_wconf 88' lang='lat' dir='ltr'>et</span> <span class='ocrx_word' id='word_1_237' title='bbox 447 3115 647 3195; x_wconf 75' lang='lat' dir='ltr'>aternitate,</span> <span class='ocrx_word' id='word_1_238' title='bbox 670 3115 710 3178; x_wconf 90' lang='lat' dir='ltr'>de</span> <span class='ocrx_word' id='word_1_239' title='bbox 741 3116 815 3194; x_wconf 89' lang='lat' dir='ltr'>ipsa</span> <span class='ocrx_word' id='word_1_240' title='bbox 839 3128 980 3196; x_wconf 83' lang='lat' dir='ltr'>quoque</span> 
     </span>
     <span class='ocr_line' id='line_1_37' title="bbox 55 3193 969 3276; baseline 0.004 -26"><span class='ocrx_word' id='word_1_241' title='bbox 55 3195 238 3260; x_wconf 85' lang='lat' dir='ltr'>notabilium</span> <span class='ocrx_word' id='word_1_242' title='bbox 261 3214 438 3276; x_wconf 88' lang='lat' dir='ltr'>corporum</span> <span class='ocrx_word' id='word_1_243' title='bbox 458 3201 581 3258; x_wconf 89' lang='lat' dir='ltr'>natura</span> <span class='ocrx_word' id='word_1_244' title='bbox 610 3195 826 3258; x_wconf 90' lang='lat' dir='ltr'>subtilissime</span> <span class='ocrx_word' id='word_1_245' title='bbox 857 3193 969 3274; x_wconf 89' lang='lat' dir='ltr'>dispu-</span> 
     </span>
     <span class='ocr_line' id='line_1_38' title="bbox 57 3269 975 3357; baseline 0.009 -31"><span class='ocrx_word' id='word_1_246' title='bbox 57 3269 144 3337; x_wconf 85' lang='lat' dir='ltr'>tavit?</span> <span class='ocrx_word' id='word_1_247' title='bbox 164 3311 209 3340; x_wconf 84' lang='grc'>-,</span> <span class='ocrx_word' id='word_1_248' title='bbox 222 3275 302 3340; x_wconf 87' lang='lat' dir='ltr'>Post</span> <span class='ocrx_word' id='word_1_249' title='bbox 332 3277 365 3339; x_wconf 94' lang='lat' dir='ltr'>id</span> <span class='ocrx_word' id='word_1_250' title='bbox 389 3282 522 3357; x_wconf 90' lang='lat' dir='ltr'>tempus</span> <span class='ocrx_word' id='word_1_251' title='bbox 551 3293 609 3356; x_wconf 88' lang='lat' dir='ltr'>per</span> <span class='ocrx_word' id='word_1_252' title='bbox 629 3275 795 3338; x_wconf 88' lang='lat' dir='ltr'>Orientem</span> <span class='ocrx_word' id='word_1_253' title='bbox 816 3282 975 3340; x_wconf 82' lang='lat' dir='ltr'>Jouuues</span> 
     </span>
    </p>
   </div>
   <div class='ocr_carea' id='block_1_3' title="bbox 58 3351 969 3437">
    <p class='ocr_par' dir='ltr' id='par_1_3' title="bbox 58 3351 969 3437">
     <span class='ocr_line' id='line_1_39' title="bbox 58 3351 969 3437; baseline -0.001 -22"><span class='ocrx_word' id='word_1_254' title='bbox 58 3351 275 3437; x_wconf 69' lang='lat' dir='ltr'>damascenum,</span> <span class='ocrx_word' id='word_1_255' title='bbox 298 3357 413 3420; x_wconf 87' lang='lat' dir='ltr'>Basilii</span> <span class='ocrx_word' id='word_1_256' title='bbox 445 3362 479 3420; x_wconf 88' lang='lat' dir='ltr'>et</span> <span class='ocrx_word' id='word_1_257' title='bbox 509 3356 665 3435; x_wconf 83' lang='lat' dir='ltr'>Gregorii</span> <span class='ocrx_word' id='word_1_258' title='bbox 689 3356 888 3418; x_wconf 86' lang='lat' dir='ltr'>Nazianzeni</span> <span class='ocrx_word' id='word_1_259' title='bbox 912 3370 969 3416; x_wconf 92' lang='lat' dir='ltr'>ve·</span> 
     </span>
    </p>
   </div>
   <div class='ocr_carea' id='block_1_4' title="bbox 78 3527 897 3602">
    <p class='ocr_par' dir='ltr' id='par_1_4' title="bbox 78 3527 897 3602">
     <span class='ocr_line' id='line_1_40' title="bbox 78 3527 897 3602; baseline 0 -18"><span class='ocrx_word' id='word_1_260' title='bbox 78 3527 158 3586; x_wconf 71' lang='lat' dir='ltr'>&#39;lust</span> <span class='ocrx_word' id='word_1_261' title='bbox 173 3549 223 3600; x_wconf 83' lang='lat' dir='ltr'>vn,</span> <span class='ocrx_word' id='word_1_262' title='bbox 241 3551 303 3602; x_wconf 88' lang='lat' dir='ltr'>cap.</span> <span class='ocrx_word' id='word_1_263' title='bbox 320 3537 344 3592; x_wconf 82' lang='grc'>7.</span> <span class='ocrx_word' id='word_1_264' title='bbox 530 3535 596 3586; x_wconf 71' lang='lat' dir='ltr'>²Da</span> <span class='ocrx_word' id='word_1_265' title='bbox 614 3534 683 3599; x_wconf 83' lang='lat' dir='ltr'>opii.</span> <span class='ocrx_word' id='word_1_266' title='bbox 701 3532 763 3596; x_wconf 88' lang='lat' dir='ltr'>Dei,</span> <span class='ocrx_word' id='word_1_267' title='bbox 780 3547 841 3596; x_wconf 85' lang='lat' dir='ltr'>cap.</span> <span class='ocrx_word' id='word_1_268' title='bbox 858 3531 897 3584; x_wconf 82' lang='lat'>21.</span> 
     </span>
    </p>
   </div>
   <div class='ocr_carea' id='block_1_5' title="bbox 0 0 1246 4178">
    <p class='ocr_par' dir='ltr' id='par_1_5' title="bbox 0 0 1246 4178">
     <span class='ocr_line' id='line_1_41' title="bbox 0 0 1246 4178; baseline 0 5"><span class='ocrx_word' id='word_1_269' title='bbox 0 0 1246 4178; x_wconf 95' lang='lat' dir='ltr'> </span> 
     </span>
    </p>
   </div>
  </div>
 </body>
</html>
