2496 4172
498 253 679 313 -173-

117 359 305 423 effunditur
318 377 418 440 super
432 359 567 423 domurn
581 359 687 422 David
698 363 732 422 et
742 376 842 440 super
855 359 1059 426 habitatores

115 441 317 514 Jerusalem,
333 440 367 501 in
381 457 474 520 spem
488 443 614 502 certum
639 439 846 519 adducimur,
863 440 932 504 fore
947 447 984 504 ut
998 443 1060 504 ali-

116 521 253 602 quando
268 520 467 601 propitietur
481 522 577 596 Deus,
602 520 824 601 Ecclesiaeque
841 538 911 584 suae
923 523 1060 584 misera-

117 605 174 664 tus
190 601 310 679 vicem,
327 600 441 663 audiat
455 600 591 663 tandem
610 614 723 681 preces
737 599 981 664 obsecrantium
1002 619 1060 682 per

117 681 214 768 llam,
236 698 338 762 quam
351 681 422 761 ipse
436 679 618 744 salustium
642 680 830 760 gratiarum
857 682 963 745 voluit
988 699 1060 745 esse

118 761 365 838 administram.

157 843 364 936 Quapropter
378 839 598 904 insidentibus
613 840 751 919 caussis,
766 859 842 922 quae
857 842 925 905 llos
939 841 982 904 ad
996 859 1059 922 pu-

115 921 242 984 blicam
269 924 429 1001 pietatem
453 919 675 994 excitandam,
706 921 757 983 uti
786 920 944 1000 diximus,
970 939 1059 985 anno

114 1003 289 1082 superiore
304 1002 519 1082 impulerunt,
533 1001 633 1064 officii
645 1001 759 1064 Nostri
774 1001 941 1079 duximus,
954 1003 1061 1065 Vene-

116 1082 241 1145 rabiles
254 1083 396 1159 Fratres,
420 1081 483 1144 hoc
508 1097 639 1162 quoque
662 1099 751 1144 anno
771 1081 898 1145 hortari
921 1085 1061 1163 populos

116 1163 328 1241 christianos,
354 1163 451 1224 utin
475 1161 666 1242 hujusmodi
690 1163 848 1242 precandi
872 1165 1000 1227 ratione
1027 1171 1061 1225 et

115 1242 274 1318 formula,
299 1253 373 1322 quae
388 1246 577 1305 linearium
591 1246 739 1305 Mortale
753 1242 887 1316 dicitur,
906 1260 1060 1323 perseve-

115 1327 245 1393 rantes,
262 1323 324 1386 sibi
339 1321 487 1384 validum
502 1339 636 1400 magnae
652 1323 710 1385 Dei
724 1323 901 1386 Genitricis
916 1324 1061 1404 patroci-

114 1405 212 1466 nium
227 1403 469 1466 demereantur.
496 1404 578 1465 Cum
601 1403 746 1465 enimin
770 1405 1062 1485 oppugnatoribus

113 1482 290 1546 christiani
312 1483 457 1546 nominis
472 1486 566 1545 tauto
579 1482 621 1544 sit
635 1483 816 1547 obstinatio
829 1485 1001 1565 propositi,
1024 1485 1060 1546 in

113 1562 427 1645 propugnatoribus
450 1579 518 1625 non
543 1562 705 1626 minorem
729 1581 801 1626 esse
826 1568 957 1643 oportet
982 1581 1061 1626 con-

113 1643 279 1706 stantiam
295 1643 488 1721 voluntatis,
504 1660 609 1725 quum
623 1645 806 1724 praesertim
821 1644 953 1706 caeleste
968 1644 1062 1706 auxi-

113 1723 201 1786 lium
223 1729 257 1788 et
277 1725 400 1787 collata
418 1724 516 1787 nobis
530 1743 550 1786 a
566 1727 631 1787 Deo
651 1723 823 1803 beneficia,
846 1740 1058 1804 perseveran-

115 1805 177 1867 tiae
188 1807 312 1868 nostrae
322 1821 409 1884 saepe
420 1805 552 1867 soleant
561 1821 632 1867 esse
644 1803 783 1867 tructus.
796 1838 838 1851 -·
849 1806 895 1867 Ac
906 1819 1061 1866 revocare

110 1883 215 1965 juvat
228 1887 264 1947 in
278 1889 424 1948 mentem
448 1901 582 1963 magnae
606 1885 696 1946 illius
719 1885 740 1946 J
744 1883 835 1946 uditlr
857 1885 1059 1965 exemplum,

115 1981 194 2046 quar
208 1966 304 2028 aimae
314 1965 464 2041 Virginis
476 1969 597 2046 ¹typum
609 1965 766 2027 exhibens
777 1966 915 2033 stultam
926 1966 945 2027 J
949 1963 1059 2026 udaeo-

115 2061 196 2108 rum
210 2045 365 2127 repressit
375 2046 632 2125 impatientiam,
647 2045 849 2108 constituere
865 2047 931 2108 Deo
945 2044 1058 2108 volen-

113 2125 204 2188 tium
219 2126 356 2188 arbitrio
370 2143 430 2188 suo
445 2125 532 2188 diem
546 2125 588 2187 ad
606 2125 869 2188 subveniendum
890 2141 1056 2204 oppressae

114 2205 260 2269 civitati.
271 2205 471 2268 Intuendum
483 2206 604 2268 itemin
613 2207 800 2285 exemplum
814 2208 1058 2285 Apostolorum,

115 2285 177 2366 qui
192 2286 375 2348 maximum
388 2286 528 2366 Spiritus
537 2285 693 2348 Paracliti
709 2285 833 2349 donum
845 2286 906 2348 sibi
920 2285 1059 2367 promis·

114 2383 194 2429 sum
214 2369 485 2448 expectaverunt,
518 2373 765 2446 perseveruntes
797 2367 1011 2432 unanimiter,
1026 2366 1061 2427 in

116 2447 271 2509 oratione
291 2463 369 2510 oum
390 2445 496 2508 Maria
517 2447 624 2507 Matre
644 2445 736 2508 Jesu.
760 2481 799 2492 -
821 2446 946 2523 Agitur
970 2446 1060 2508 enim

114 2529 151 2589 et
173 2544 263 2589 nunc
277 2525 317 2589 de
331 2526 437 2589 ardua
451 2543 490 2588 ac
504 2525 621 2604 magni
635 2525 793 2588 momenti
808 2543 854 2604 re,
870 2527 909 2588 de
924 2525 1060 2587 inimico

113 2607 257 2687 antiquo
282 2610 316 2669 et
340 2606 518 2668 vaferrimo
542 2606 578 2668 in
603 2606 690 2669 eluta
713 2606 872 2685 potentine
896 2621 965 2667 suae
990 2603 1061 2666 acie

114 2687 342 2765 humiliando;
366 2686 406 2749 de
428 2685 583 2748 Ecclesia
605 2686 743 2766 ejusque
765 2685 888 2764 Capitis
908 2685 1061 2747 libertate

117 2767 337 2847 vindicanda3
360 2766 399 2829 de
419 2765 462 2828 iis
486 2767 721 2829 conservandis
734 2764 932 2845 tuendisque
948 2764 1062 2844 pressi-

115 2848 192 2927 diis,
209 2847 246 2910 in
262 2847 382 2928 quibus
395 2847 628 2927 conquiescere
646 2849 777 2925 oportet
791 2845 1006 2908 securitatem
1029 2848 1062 2907 et

116 2929 264 3001 salutem
278 2928 433 2990 humanae
448 2927 629 2991 societatis.
652 2925 842 2988 curandum
866 2930 918 2989 est
941 2927 1059 3004 igitur,

116 3010 157 3070 ut
178 3007 342 3071 luctuosis
372 3007 464 3069 hisce
494 3006 652 3069 Ecclesiae
682 3007 887 3085 temporibus
915 3005 1062 3069 Marialis

116 3088 249 3150 Rosarii
264 3086 473 3151 sanctissima
487 3085 692 3150 consuetudo
707 3085 854 3149 studiose
869 3087 986 3168 pieque
998 3104 1063 3149 ser-

114 3172 226 3243 vetur,
244 3185 283 3232 eo
293 3168 460 3248 praecipue
475 3167 563 3248 quod
573 3166 765 3245 huJusmodi
780 3185 894 3247 preces
908 3184 986 3230 cum
1011 3167 1061 3228 ita

114 3249 184 3312 sint
198 3247 389 3328 compositae
413 3250 451 3309 ut
478 3247 591 3310 omnia
605 3265 644 3310 ex
659 3247 774 3311 ordine
795 3247 914 3310 salutis
936 3249 1059 3308 nostrae

114 3327 280 3411 mysteria
294 3329 453 3405 recolant,
462 3330 615 3410 ,maxime
629 3330 709 3391 sunt
733 3327 775 3391 ad
799 3327 980 3391 fovendum
994 3326 1061 3406 pie-

115 3410 199 3472 tatis
214 3409 370 3491 spiritum
385 3412 596 3488 comparata.

158 3491 202 3552 Et
217 3491 260 3553 ad
273 3489 406 3553 ltaliam
418 3487 506 3570 quod
520 3488 650 3568 attinet,
663 3487 901 3569 potentissimae
911 3485 1061 3566 Virginis
