2554 4182
473 246 655 308 ,345..

97 359 188 434 test,
211 354 385 435 providere
416 357 455 416 ut
485 354 721 434 quamplurimi
752 373 793 417 ex
824 356 1037 419 multitudiue

96 454 168 499 rem
191 435 314 499 habere
335 434 464 498 malint.
482 434 550 510 Quo
573 434 671 512 facto,
687 437 854 517 praeclarae
876 437 1038 499 utilitates

95 519 328 578 consecutura
359 517 457 579 sunt:
484 533 523 576 ac
544 515 687 594 primum
710 520 799 579 certe
821 518 945 597 aequior
965 535 1040 598 par-

95 598 172 660 titio
193 597 369 660 bonorum.
388 595 444 657 Vis
465 596 553 657 enim
575 597 873 659 commutationum
889 598 1038 660 civilium

93 678 131 740 in
153 677 237 739 duas
258 677 383 739 civium
403 677 525 738 classes
546 676 658 739 divisit
680 678 789 742 urbes.
805 679 966 741 immenso
987 678 1038 740 in·

93 762 147 821 ter
168 761 347 836 utramque
367 756 556 819 discrimine
577 757 760 836 interjecto.
785 759 835 820 Ex
856 774 924 822 una
944 763 1038 840 parte

93 837 198 901 factio
220 841 419 917 praepotens,
443 837 522 917 quia
541 836 725 917 praedives:
756 855 830 919 qua
862 857 938 901 cum
960 857 1036 918 ope-

92 937 172 982 rum
194 921 227 980 et
242 923 439 980 mercaturae
461 917 653 980 universum
668 936 777 998 genus
791 920 861 983 sola
875 920 1035 1001 potiatur,

92 998 292 1060 facultatem
323 1014 455 1061 omnem
487 999 658 1077 copiarum
689 999 890 1063 effectricem
914 1000 955 1062 ad
977 1019 1039 1063 sua

92 1078 271 1143 commoda
291 1096 330 1142 ac
352 1078 498 1140 rationes
519 1078 633 1157 trahit,
657 1084 756 1161 atque
779 1081 814 1143 in
836 1081 909 1160 ipsa
929 1080 1035 1143 admi-

90 1158 292 1222 nistratione
314 1157 505 1238 reipublicae
536 1177 603 1221 nou
633 1177 752 1239 parum
778 1167 897 1240 potest.
921 1163 971 1224 Ex
992 1163 1039 1224 al-

89 1245 166 1304 tera
197 1240 294 1320 inops
324 1243 425 1320 atque
457 1238 588 1304 infirma
619 1241 821 1321 multitudo,
845 1242 1037 1305 exulcerato

90 1321 206 1383 animo
239 1324 271 1382 et
301 1319 344 1382 ad
378 1319 495 1382 turbas
526 1337 656 1401 semper
676 1326 803 1402 parato.
828 1323 985 1386 Jamvero
1007 1322 1035 1384 si

89 1401 200 1480 plebis
216 1400 381 1463 excitetur
394 1399 557 1462 industria
571 1401 607 1462 in
623 1418 715 1480 spem
729 1402 933 1482 adipiscendi
945 1403 1039 1484 quip-

87 1483 192 1562 piam,
217 1480 306 1562 quod
326 1481 397 1542 solo
418 1483 640 1558 contineatur,
664 1482 784 1544 sensim
804 1482 862 1545 fiet
891 1492 929 1545 ut
951 1486 1037 1546 alter

89 1561 174 1625 ordo
205 1560 327 1624 evadat
358 1561 522 1624 finitimus
552 1562 661 1640 alteri,
685 1563 816 1626 sublato
839 1564 926 1626 inter
947 1582 1037 1628 sum-

88 1660 166 1706 mas
191 1642 325 1706 divitias
356 1658 587 1721 summamque
617 1646 802 1721 egestatem
835 1643 1034 1708 discrimine.

89 1758 134 1770 -
155 1723 319 1786 Praeterea
340 1739 463 1800 rerum,
511 1740 569 1784 uas
600 1726 688 1785 terra
707 1723 832 1802 gignit,
858 1723 965 1804 major
987 1728 1036 1786 est

91 1803 303 1880 abundantia
324 1799 449 1866 futura.
506 1804 631 1866 omines
653 1803 848 1880 enimcum
872 1823 907 1867 se
928 1804 1036 1868 elabo-

90 1901 169 1946 rare
190 1883 301 1947 sciunt
321 1883 355 1945 in
376 1901 448 1960 suo,
472 1883 676 1946 alacritatem
698 1883 855 1947 adhibent
875 1885 1039 1948 studium-

83 1982 158 2046 ¹que
180 1965 282 2044 longe
304 1962 433 2043 majus:
457 1963 558 2026 immo
580 1981 716 2043 prorsus
737 1964 893 2028 adamare
914 1970 1037 2028 terram

91 2045 281 2108 instituunt
311 2062 373 2107 sua
404 2062 506 2106 manu
538 2045 745 2124 permitam,
769 2046 856 2109 unde
885 2064 951 2108 non
974 2047 1035 2109 ali-

8 2157 10 2162 v
91 2129 209 2188 menta
239 2127 385 2203 tantum,
410 2124 467 2187 sed
499 2125 600 2187 etiam
632 2125 812 2207 quamdam
842 2126 973 2206 copiam
1005 2130 1038 2190 et

8 2223 11 2274 1-
91 2205 159 2270 sibi
190 2210 225 2268 et
255 2207 323 2268 suis
354 2207 544 2284 expectant.
570 2206 640 2268 lsta
662 2206 845 2268 voluntatis
865 2208 1035 2285 alacritas,

92 2303 195 2350 nemo
216 2304 283 2348 non
307 2284 397 2350 videt
418 2302 518 2366 quam
540 2285 636 2348 valde
658 2286 808 2350 conferat
836 2285 878 2350 ad
907 2289 1038 2352 uberta·

8 2357 9 2378 ¹
90 2373 163 2430 tem
185 2364 368 2441 fructuum,
393 2366 631 2447 augendasque
658 2365 796 2431 divitias
816 2368 973 2431 civitatis.
999 2404 1037 2415 -

8 2501 9 2506 ,
91 2449 145 2510 Ex
168 2464 233 2527 quo
255 2446 338 2509 illud
359 2446 457 2509 tertio
475 2447 547 2509 loco
563 2447 712 2519 manabit
726 2448 901 2526 commodi,
918 2454 957 2511 ut
971 2465 1038 2528 qua

8 2535 9 2544 ’
91 2530 129 2591 in
160 2526 295 2590 civitate
326 2527 475 2590 homines
505 2527 587 2590 editi
618 2528 827 2608 susceptique
861 2529 896 2590 iu
927 2529 1036 2591 lucem

93 2608 185 2686 sint,
209 2607 252 2669 ad
273 2625 346 2670 eam
367 2607 465 2670 facile
486 2607 713 2670 retineantur:
740 2624 847 2689 neque
869 2608 956 2670 enim
978 2626 1035 2688 pa-

8 2727 9 2744 t
92 2689 198 2752 triam
219 2706 295 2751 oum
316 2691 453 2750 externa
473 2687 610 2764 regione
628 2692 883 2762 commutarent,
908 2690 936 2751 si
956 2689 1037 2751 vitae

8 2775 12 2848 ζ
93 2767 259 2849 degendae
278 2769 484 2832 tolerabilem
505 2766 599 2832 daret
620 2769 729 2849 patria
743 2768 948 2832 facultatem.
962 2770 1037 2832 Non

93 2853 212 2912 tamen
232 2848 275 2911 ad
296 2849 367 2911 haec
389 2848 562 2912 commoda
583 2849 749 2929 perveniri
777 2849 841 2912 nisi
862 2867 901 2912 ea
922 2849 1037 2912 condi-

93 2930 188 2994 tione
211 2933 331 3010 potest‚
355 2935 394 2992 ut
422 2929 573 3009 privatus
604 2947 725 2993 census
755 2948 796 2992 ne
821 2929 1038 2993 exhauriatur

8 3061 9 3068 ,
93 3009 308 3076 immanitate
329 3011 530 3074 tributorum
553 3015 585 3072 et
607 3010 833 3088 vectigalium.
857 3012 921 3074 Jus
949 3012 1038 3074 enim

93 3089 287 3173 possidendi
309 3090 467 3170 privatim
488 3091 576 3154 bona
596 3108 673 3154 cum
696 3109 763 3154 non
784 3092 828 3154 sit
845 3092 921 3170 lege
934 3091 1041 3155 homi·

93 3189 179 3236 num
202 3171 260 3234 sed
281 3174 403 3234 natura
425 3171 562 3249 datum,
586 3189 653 3234 non
675 3172 783 3251 ipsum
805 3171 957 3251 abolere,
981 3172 1038 3235 sed

92 3252 330 3317 tantummodo
351 3252 456 3332 ipsius
477 3270 576 3314 usum
597 3255 837 3332 temperare-et
858 3270 935 3314 cum
949 3269 1038 3315 oom-

93 3334 191 3396 muni
203 3332 289 3396 bono
300 3349 496 3413 componere
508 3332 689 3395 auotoritas
700 3333 834 3412 publica
845 3336 964 3412 potest.
977 3333 1039 3396 Fa·

95 3415 164 3477 ciat
174 3414 282 3492 igitur
292 3412 415 3493 injuste
427 3416 527 3494 atque
538 3413 729 3484 inhumane
738 3413 767 3475 si
778 3413 817 3476 de
830 3413 924 3476 bonis
932 3412 1039 3494 priva·

93 3499 207 3558 torum
229 3495 303 3574 plus
325 3511 432 3575 aequo‚
446 3493 648 3557 tributorum
669 3494 813 3574 nomine,
829 3493 1022 3556 detraxerit.

8 3987 268 4176 Ε
