2484 4178
508 275 649 311 ..4-

104 355 247 419 rnodnm
268 354 437 435 publicam
457 374 478 417 a
502 355 712 434 Principibus
732 360 931 436 potestatem
956 371 1052 416 exer-

101 435 189 512 ceri,
207 436 379 499 catholicae
402 435 557 498 Ecclesiae
578 435 729 499 doctrina
750 436 785 498 in
800 452 855 498 ecs
877 436 1051 512 insurgere

104 517 245 598 proprio
267 522 372 578 marte
393 533 460 578 non
481 516 571 593 sinit,
595 533 636 578 ne
669 515 794 578 ordinis
825 516 1052 598 tranquillitas

106 598 223 674 magis
253 597 428 677 magisque
460 598 624 672 turbetur,
652 613 737 658 neve
769 597 912 658 societas
944 595 1052 674 majus

104 677 232 739 exinde
252 677 488 740 detrimentum
509 676 632 755 capiat.
656 681 802 757 Cumque
824 694 876 738 res
897 693 936 738 eo
958 677 1055 738 deve·

107 757 210 832 nerit,
234 764 272 819 ut
303 757 397 819 nulla
427 756 495 818 alia
524 774 600 836 spes
622 757 740 819 salutis
761 754 936 834 affulgeat,
960 756 1054 818 docet

104 837 301 900 christianae
331 836 502 916 patientie
532 836 680 906 meritis,
714 841 747 899 et
777 837 980 899 instantibus
1011 836 1053 900 ad

107 918 219 980 Deum
241 917 395 996 precibus
426 916 610 980 remedium
642 933 712 978 esse
743 911 989 979 maturandum.
1012 951 1052 961 -

106 997 204 1072 Quod
225 999 254 1059 si
276 998 507 1073 legislatorum
528 1016 567 1058 ac
581 997 770 1077 principum
788 998 911 1075 placita
926 997 1051 1077 aliquid

105 1078 313 1139 sanciverint
340 1081 400 1139 aut
422 1077 594 1158 jusserint,
619 1077 706 1157 quod
728 1075 851 1140 divina
873 1083 931 1139 aut
953 1081 1051 1139 natu·

107 1156 176 1219 rali
198 1158 268 1236 legi
290 1162 467 1237 repugnet,
490 1157 662 1219 christiani
684 1157 828 1218 nominis
850 1157 997 1234 dignitas
1019 1163 1053 1219 et

107 1237 261 1300 officium
281 1241 380 1318 atque
401 1239 591 1317 Apostolica
619 1238 782 1300 sententia
810 1238 950 1300 suadent
978 1242 1052 1301 obe-

107 1320 276 1380 diendum
296 1335 368 1380 esse
389 1322 503 1396 acopis
525 1323 593 1381 Deo
615 1335 719 1392 quum
741 1321 936 1380 bominibus
958 1319 979 1379 1.

116 1401 117 1406 ’
149 1397 337 1460 Salutarem
358 1415 456 1478 porro
479 1398 634 1460 Ecclesiae
655 1400 826 1476 virtutem,
849 1415 923 1478 quae
947 1397 981 1459 in
1004 1397 1051 1459 ci·

107 1477 190 1540 vilis
211 1478 377 1540 societatis
410 1478 693 1541 ordinatissimum
725 1479 877 1556 regimen
908 1481 941 1539 et
973 1495 1050 1539 con-

107 1559 336 1620 servationem
357 1558 533 1634 redundat,
557 1559 630 1638 ipsa
660 1559 759 1621 etiarn
792 1557 972 1620 domestica
1003 1575 1054 1619 so-

107 1637 229 1716 cietaS,
253 1655 327 1718 quae
348 1639 457 1701 omnis
485 1639 631 1701 civitatis
662 1645 695 1700 et
726 1638 821 1714 regni
853 1638 1054 1717 principium

107 1723 173 1794 est,
197 1718 383 1781 necessario
414 1719 516 1781 sentit
547 1725 580 1781 et
611 1719 792 1798 experitur.
815 1718 928 1779 Nostis
950 1717 1051 1794 enim,

109 1797 328 1860 venerabiles
349 1799 493 1875 Fratres,
517 1804 641 1861 rectam
675 1797 778 1877 hujus
809 1795 976 1859 societatis
1000 1815 1052 1858 ra-

107 1877 249 1955 tionem,
274 1878 455 1942 se'cundum
477 1879 641 1941 naturalis
658 1878 745 1958 juris
766 1877 1003 1952 necessitatem,
1017 1878 1054 1940 in

108 1957 335 2021 indissolubili
356 1960 418 2020 viri
440 1976 479 2024 ac
500 1959 647 2021 mulieris
670 1959 791 2022 unione
812 1957 919 2037 primo
940 1958 1050 2038 inniti,

108 2041 144 2099 et
167 2039 291 2100 mutuis
311 2043 465 2119 parentes
486 2039 573 2102 inter
594 2044 628 2102 et
648 2039 744 2117 filios,
762 2037 912 2100 dominos
933 2056 972 2100 ac
986 2057 1054 2101 ser-

109 2135 173 2180 vos
193 2117 310 2180 officiis
328 2119 523 2200 juribusque
544 2120 715 2198 compleri.
739 2118 851 2181 Nostis
872 2119 970 2180 etiam
995 2136 1052 2198 per

108 2196 296 2260 Socialismi
324 2200 447 2279 placita
479 2217 553 2262 eam
583 2216 668 2279 pene
699 2199 855 2277 dissolvi3
888 2199 1051 2278 siqnidem

108 2277 272 2340 firmitate
301 2280 436 2358 amissa,
460 2297 534 2360 quar
564 2298 605 2342 ex
637 2280 794 2356 religioso
825 2278 984 2357 conjugio
1016 2281 1049 2341 in

109 2360 221 2439 ipsam
240 2358 441 2438 refunditur,
456 2377 590 2424 necesse
605 2362 656 2422 est
676 2360 784 2439 ipsam
804 2362 910 2439 patris
930 2360 962 2420 in
979 2377 1053 2438 pro-

108 2440 177 2501 lem
199 2441 410 2517 potestatem,
432 2444 467 2502 et
496 2441 601 2521 prolis
630 2457 712 2517 erga
743 2439 911 2517 genitores
943 2439 1052 2501 officia

109 2518 259 2580 maxime
273 2520 426 2583 relaxari.
443 2519 565 2582 Contra
578 2537 657 2582 vero
672 2524 872 2583 honorabile
887 2525 925 2580 iu
941 2524 1051 2582 orunt-

108 2604 176 2662 bus
197 2605 407 2662 connubium
427 2601 451 2676 2,
475 2600 561 2680 quod
582 2601 707 2680 inipso
729 2598 844 2662 mundi
860 2598 994 2660 exordio
1009 2599 1052 2661 ad

109 2679 296 2741 humanam
317 2680 458 2760 speciem
475 2680 725 2761 propagandam
741 2683 775 2741 et
789 2679 1052 2742 conservandam

109 2759 201 2821 Deus
222 2760 293 2838 ipse
314 2760 461 2822 instituit
492 2766 525 2822 et
555 2759 776 2838 inseparabile
807 2758 975 2838 decrevit,
997 2759 1052 2820 fir-

110 2839 201 2901 mius
222 2839 323 2901 etiam
344 2844 378 2902 et
391 2839 538 2903 sanctius
554 2841 703 2902 Ecclesia
718 2839 814 2902 docet
834 2840 980 2901 evasisse
994 2858 1052 2920 per

108 2918 292 2997 Christum,
316 2920 371 3001 qui
400 2921 600 2982 Sacramenti
625 2920 654 2982 ei
676 2920 818 2982 contulit
839 2918 1050 2999 dignitatem,

108 3003 145 3060 et
169 3017 240 3061 auae
260 3018 336 3062 cnm
358 3000 508 3063 Ecclesia
534 3001 670 3062 unionis
700 2999 842 3062 sormam
873 3001 980 3062 voluit
1006 3019 1054 3062 re·

108 3079 209 3142 ferre.
232 3081 449 3161 Quapropter,
465 3082 623 3160 Apostolo
647 3085 801 3142 monente
822 3082 844 3158 ³,
862 3080 947 3142 sicut
962 3080 1054 3142 otni-

2 3173 4 3223 ῑ
107 3165 186 3221 stus
206 3167 307 3240 caput
328 3166 378 3224 est
411 3159 586 3236 Ecclesia,
610 3160 659 3221 ita
685 3161 737 3222 vir
769 3164 870 3242 capnt
901 3164 951 3223 est
981 3177 1053 3223 mu-

2 3263 6 3287 ·
107 3239 217 3315 lieris;
255 3245 288 3303 et
323 3241 600 3322 quemadmodum
636 3240 783 3304 Ecclesia
818 3239 968 3320 subjecta
1003 3243 1054 3303 est

105 3319 254 3401 Christo,
278 3323 334 3402 qui
361 3338 436 3386 eam
466 3321 653 3384 castissimo
683 3326 908 3401 perpetuoque
940 3339 1052 3384 amore

136 3437 149 3470 ¹
167 3436 236 3487 Act.
252 3453 279 3498 v,
292 3437 331 3488 29.
611 3435 623 3468 ²
639 3436 728 3488 chr.
740 3451 802 3500 1111,
817 3437 841 3489 4.

136 3498 150 3534 ³
166 3498 242 3564 Eph.
259 3515 285 3562 v,
301 3500 340 3552 23.
