<?xml version="1.0" encoding="UTF-8"?>
<!DOCTYPE html PUBLIC "-//W3C//DTD XHTML 1.0 Transitional//EN"
    "http://www.w3.org/TR/xhtml1/DTD/xhtml1-transitional.dtd">
<html xmlns="http://www.w3.org/1999/xhtml" xml:lang="en" lang="en">
 <head>
  <title>
</title>
<meta http-equiv="Content-Type" content="text/html;charset=utf-8" />
  <meta name='ocr-system' content='tesseract 3.04.00' />
  <meta name='ocr-capabilities' content='ocr_page ocr_carea ocr_par ocr_line ocrx_word'/>
</head>
<body>
  <div class='ocr_page' id='page_1' title='image "./epistolaeencycl00xiiigoog_0361.png"; bbox 0 0 2554 4182; ppageno 0'>
   <div class='ocr_carea' id='block_1_1' title="bbox 619 207 800 270">
    <p class='ocr_par' dir='ltr' id='par_1_1' title="bbox 619 207 800 270">
     <span class='ocr_line' id='line_1_1' title="bbox 619 207 800 270; baseline 0.011 -2"><span class='ocrx_word' id='word_1_1' title='bbox 619 241 659 250; x_wconf 98' lang='lat'>—</span> <span class='ocrx_word' id='word_1_2' title='bbox 680 207 800 270; x_wconf 82' lang='lat'>354—</span> 
     </span>
    </p>
   </div>
   <div class='ocr_carea' id='block_1_2' title="bbox 145 312 1176 3130">
    <p class='ocr_par' dir='ltr' id='par_1_2' title="bbox 145 312 1176 3130">
     <span class='ocr_line' id='line_1_2' title="bbox 238 312 1176 396; baseline 0.003 -19"><span class='ocrx_word' id='word_1_3' title='bbox 238 315 308 377; x_wconf 94' lang='lat' dir='ltr'>lum</span> <span class='ocrx_word' id='word_1_4' title='bbox 339 313 459 394; x_wconf 91' lang='lat' dir='ltr'>pellere</span> <span class='ocrx_word' id='word_1_5' title='bbox 490 312 640 377; x_wconf 85' lang='lat' dir='ltr'>funditus</span> <span class='ocrx_word' id='word_1_6' title='bbox 670 315 741 378; x_wconf 89' lang='lat' dir='ltr'>sola</span> <span class='ocrx_word' id='word_1_7' title='bbox 772 315 890 394; x_wconf 83' lang='lat' dir='ltr'>possit,</span> <span class='ocrx_word' id='word_1_8' title='bbox 912 314 995 378; x_wconf 90' lang='lat' dir='ltr'>illud</span> <span class='ocrx_word' id='word_1_9' title='bbox 1022 319 1176 396; x_wconf 87' lang='lat' dir='ltr'>reputent</span> 
     </span>
     <span class='ocr_line' id='line_1_3' title="bbox 237 394 1174 473; baseline 0.004 -15"><span class='ocrx_word' id='word_1_10' title='bbox 237 395 396 473; x_wconf 85' lang='lat' dir='ltr'>universi,</span> <span class='ocrx_word' id='word_1_11' title='bbox 417 394 453 456; x_wconf 89' lang='lat' dir='ltr'>in</span> <span class='ocrx_word' id='word_1_12' title='bbox 484 395 597 473; x_wconf 89' lang='lat' dir='ltr'>primis</span> <span class='ocrx_word' id='word_1_13' title='bbox 628 394 808 457; x_wconf 86' lang='lat' dir='ltr'>instaurari</span> <span class='ocrx_word' id='word_1_14' title='bbox 840 412 948 458; x_wconf 89' lang='lat' dir='ltr'>mores</span> <span class='ocrx_word' id='word_1_15' title='bbox 979 395 1174 462; x_wconf 87' lang='lat' dir='ltr'>christianos</span> 
     </span>
     <span class='ocr_line' id='line_1_4' title="bbox 237 475 1173 558; baseline 0.001 -18"><span class='ocrx_word' id='word_1_16' title='bbox 237 480 398 558; x_wconf 83' lang='lat' dir='ltr'>oportere,</span> <span class='ocrx_word' id='word_1_17' title='bbox 415 476 485 536; x_wconf 90' lang='lat' dir='ltr'>sine</span> <span class='ocrx_word' id='word_1_18' title='bbox 506 476 628 554; x_wconf 89' lang='lat' dir='ltr'>quibus</span> <span class='ocrx_word' id='word_1_19' title='bbox 647 492 686 537; x_wconf 89' lang='lat' dir='ltr'>ea</span> <span class='ocrx_word' id='word_1_20' title='bbox 699 475 773 557; x_wconf 90' lang='lat' dir='ltr'>ipsa</span> <span class='ocrx_word' id='word_1_21' title='bbox 786 493 880 537; x_wconf 87' lang='lat' dir='ltr'>arma</span> <span class='ocrx_word' id='word_1_22' title='bbox 893 477 1088 554; x_wconf 85' lang='lat' dir='ltr'>prudentiae,</span> <span class='ocrx_word' id='word_1_23' title='bbox 1101 495 1173 558; x_wconf 85' lang='lat' dir='ltr'>quae</span> 
     </span>
     <span class='ocr_line' id='line_1_5' title="bbox 236 555 1172 636; baseline 0.003 -17"><span class='ocrx_word' id='word_1_24' title='bbox 236 557 379 619; x_wconf 83' lang='lat' dir='ltr'>maxime</span> <span class='ocrx_word' id='word_1_25' title='bbox 400 560 562 636; x_wconf 90' lang='lat' dir='ltr'>putantur</span> <span class='ocrx_word' id='word_1_26' title='bbox 582 555 711 631; x_wconf 91' lang='lat' dir='ltr'>idonea,</span> <span class='ocrx_word' id='word_1_27' title='bbox 727 573 846 636; x_wconf 87' lang='lat' dir='ltr'>parum</span> <span class='ocrx_word' id='word_1_28' title='bbox 869 562 948 619; x_wconf 89' lang='lat' dir='ltr'>sunt</span> <span class='ocrx_word' id='word_1_29' title='bbox 970 557 1012 620; x_wconf 90' lang='lat' dir='ltr'>ad</span> <span class='ocrx_word' id='word_1_30' title='bbox 1033 559 1172 622; x_wconf 88' lang='lat' dir='ltr'>salutem</span> 
     </span>
     <span class='ocr_line' id='line_1_6' title="bbox 236 635 1172 716; baseline 0.002 -18"><span class='ocrx_word' id='word_1_31' title='bbox 236 639 391 700; x_wconf 84' lang='lat' dir='ltr'>valitura.</span> <span class='ocrx_word' id='word_1_32' title='bbox 415 635 526 698; x_wconf 85' lang='lat' dir='ltr'>-Ad</span> <span class='ocrx_word' id='word_1_33' title='bbox 554 635 736 698; x_wconf 81' lang='lat' dir='ltr'>Ecclesiam</span> <span class='ocrx_word' id='word_1_34' title='bbox 767 636 855 716; x_wconf 89' lang='lat' dir='ltr'>quod</span> <span class='ocrx_word' id='word_1_35' title='bbox 885 642 1024 716; x_wconf 87' lang='lat' dir='ltr'>spectat,</span> <span class='ocrx_word' id='word_1_36' title='bbox 1048 636 1172 700; x_wconf 88' lang='lat' dir='ltr'>deside-</span> 
     </span>
     <span class='ocr_line' id='line_1_7' title="bbox 236 712 1172 798; baseline 0.002 -18"><span class='ocrx_word' id='word_1_37' title='bbox 236 712 303 780; x_wconf 86' lang='lat' dir='ltr'>rari</span> <span class='ocrx_word' id='word_1_38' title='bbox 325 733 456 797; x_wconf 84' lang='lat' dir='ltr'>operam</span> <span class='ocrx_word' id='word_1_39' title='bbox 479 733 574 778; x_wconf 89' lang='lat' dir='ltr'>suam</span> <span class='ocrx_word' id='word_1_40' title='bbox 596 716 689 778; x_wconf 92' lang='lat' dir='ltr'>nullo</span> <span class='ocrx_word' id='word_1_41' title='bbox 711 720 858 796; x_wconf 88' lang='lat' dir='ltr'>tempore</span> <span class='ocrx_word' id='word_1_42' title='bbox 889 719 1048 798; x_wconf 91' lang='lat' dir='ltr'>nulloque</span> <span class='ocrx_word' id='word_1_43' title='bbox 1075 717 1172 782; x_wconf 93' lang='lat' dir='ltr'>modo</span> 
     </span>
     <span class='ocr_line' id='line_1_8' title="bbox 235 797 1173 878; baseline 0 -16"><span class='ocrx_word' id='word_1_44' title='bbox 235 799 333 877; x_wconf 91' lang='lat' dir='ltr'>sinet,</span> <span class='ocrx_word' id='word_1_45' title='bbox 356 801 450 859; x_wconf 93' lang='lat' dir='ltr'>tanto</span> <span class='ocrx_word' id='word_1_46' title='bbox 478 797 555 877; x_wconf 92' lang='lat' dir='ltr'>plus</span> <span class='ocrx_word' id='word_1_47' title='bbox 579 797 722 859; x_wconf 88' lang='lat' dir='ltr'>allatura</span> <span class='ocrx_word' id='word_1_48' title='bbox 743 797 940 877; x_wconf 89' lang='lat' dir='ltr'>adjumenti,</span> <span class='ocrx_word' id='word_1_49' title='bbox 965 800 1089 878; x_wconf 90' lang='lat' dir='ltr'>quanto</span> <span class='ocrx_word' id='word_1_50' title='bbox 1110 799 1173 863; x_wconf 89' lang='lat' dir='ltr'>sibi</span> 
     </span>
     <span class='ocr_line' id='line_1_9' title="bbox 235 876 1173 960; baseline 0.001 -19"><span class='ocrx_word' id='word_1_51' title='bbox 235 878 342 958; x_wconf 87' lang='lat' dir='ltr'>major</span> <span class='ocrx_word' id='word_1_52' title='bbox 363 879 397 940; x_wconf 93' lang='lat' dir='ltr'>in</span> <span class='ocrx_word' id='word_1_53' title='bbox 418 878 550 955; x_wconf 80' lang='lat' dir='ltr'>agendo</span> <span class='ocrx_word' id='word_1_54' title='bbox 571 876 706 940; x_wconf 87' lang='lat' dir='ltr'>libertas</span> <span class='ocrx_word' id='word_1_55' title='bbox 727 877 921 954; x_wconf 81' lang='lat' dir='ltr'>contigerit:</span> <span class='ocrx_word' id='word_1_56' title='bbox 944 879 1045 960; x_wconf 87' lang='lat' dir='ltr'>idque</span> <span class='ocrx_word' id='word_1_57' title='bbox 1066 880 1173 943; x_wconf 92' lang='lat' dir='ltr'>nomi·</span> 
     </span>
     <span class='ocr_line' id='line_1_10' title="bbox 234 957 1173 1038; baseline 0.003 -18"><span class='ocrx_word' id='word_1_58' title='bbox 234 962 339 1020; x_wconf 90' lang='lat' dir='ltr'>natim</span> <span class='ocrx_word' id='word_1_59' title='bbox 361 957 566 1034; x_wconf 81' lang='lat' dir='ltr'>intelligant,</span> <span class='ocrx_word' id='word_1_60' title='bbox 591 974 732 1037; x_wconf 87' lang='lat' dir='ltr'>quorum</span> <span class='ocrx_word' id='word_1_61' title='bbox 763 975 886 1020; x_wconf 92' lang='lat' dir='ltr'>munus</span> <span class='ocrx_word' id='word_1_62' title='bbox 911 963 961 1021; x_wconf 91' lang='lat' dir='ltr'>est</span> <span class='ocrx_word' id='word_1_63' title='bbox 992 960 1092 1021; x_wconf 87' lang='lat' dir='ltr'>saluti</span> <span class='ocrx_word' id='word_1_64' title='bbox 1112 976 1173 1038; x_wconf 92' lang='lat' dir='ltr'>pu-</span> 
     </span>
     <span class='ocr_line' id='line_1_11' title="bbox 233 1037 1172 1103; baseline 0.001 -1"><span class='ocrx_word' id='word_1_65' title='bbox 233 1039 327 1102; x_wconf 85' lang='lat' dir='ltr'>blicae</span> <span class='ocrx_word' id='word_1_66' title='bbox 359 1039 540 1101; x_wconf 88' lang='lat' dir='ltr'>consulere.</span> <span class='ocrx_word' id='word_1_67' title='bbox 575 1037 757 1100; x_wconf 90' lang='lat' dir='ltr'>Intendant</span> <span class='ocrx_word' id='word_1_68' title='bbox 791 1055 904 1102; x_wconf 92' lang='lat' dir='ltr'>omnes</span> <span class='ocrx_word' id='word_1_69' title='bbox 939 1039 1042 1102; x_wconf 90' lang='lat' dir='ltr'>animi</span> <span class='ocrx_word' id='word_1_70' title='bbox 1074 1039 1172 1103; x_wconf 91' lang='lat' dir='ltr'>indu·</span> 
     </span>
     <span class='ocr_line' id='line_1_12' title="bbox 234 1118 1173 1200; baseline 0 -18"><span class='ocrx_word' id='word_1_71' title='bbox 234 1120 388 1200; x_wconf 82' lang='lat' dir='ltr'>striaeque</span> <span class='ocrx_word' id='word_1_72' title='bbox 410 1119 498 1180; x_wconf 84' lang='lat' dir='ltr'>vires</span> <span class='ocrx_word' id='word_1_73' title='bbox 519 1118 662 1181; x_wconf 90' lang='lat' dir='ltr'>ministri</span> <span class='ocrx_word' id='word_1_74' title='bbox 683 1135 864 1182; x_wconf 87' lang='lat' dir='ltr'>sacrorum:</span> <span class='ocrx_word' id='word_1_75' title='bbox 881 1119 1050 1200; x_wconf 89' lang='lat' dir='ltr'>vobisque,</span> <span class='ocrx_word' id='word_1_76' title='bbox 1067 1121 1173 1183; x_wconf 88' lang='lat' dir='ltr'>Vene-</span> 
     </span>
     <span class='ocr_line' id='line_1_13' title="bbox 233 1198 1168 1282; baseline 0.002 -20"><span class='ocrx_word' id='word_1_77' title='bbox 233 1199 355 1262; x_wconf 89' lang='lat' dir='ltr'>rabiles</span> <span class='ocrx_word' id='word_1_78' title='bbox 367 1201 508 1276; x_wconf 82' lang='lat' dir='ltr'>Fratres,</span> <span class='ocrx_word' id='word_1_79' title='bbox 521 1199 719 1261; x_wconf 87' lang='lat' dir='ltr'>auctoritate</span> <span class='ocrx_word' id='word_1_80' title='bbox 730 1198 1100 1278; x_wconf 84' lang='lat' dir='ltr'>praeeuntibusetexem</span> <span class='ocrx_word' id='word_1_81' title='bbox 1124 1201 1168 1282; x_wconf 96' lang='lat' dir='ltr'>lo,</span> 
     </span>
     <span class='ocr_line' id='line_1_14' title="bbox 232 1218 1171 1359; baseline 0.003 -17"><span class='ocrx_word' id='word_1_82' title='bbox 232 1285 365 1359; x_wconf 87' lang='lat' dir='ltr'>sumpta</span> <span class='ocrx_word' id='word_1_83' title='bbox 387 1296 427 1341; x_wconf 86' lang='lat' dir='ltr'>ex</span> <span class='ocrx_word' id='word_1_84' title='bbox 447 1279 630 1356; x_wconf 82' lang='lat' dir='ltr'>Evangelio</span> <span class='ocrx_word' id='word_1_85' title='bbox 653 1279 851 1342; x_wconf 89' lang='lat' dir='ltr'>documenta</span> <span class='ocrx_word' id='word_1_86' title='bbox 871 1281 950 1343; x_wconf 84' lang='lat' dir='ltr'>vitae</span> <span class='ocrx_word' id='word_1_87' title='bbox 979 1218 1171 1344; x_wconf 48' lang='lat' dir='ltr'>hominissus</span> 
     </span>
     <span class='ocr_line' id='line_1_15' title="bbox 231 1358 1170 1442; baseline 0.001 -19"><span class='ocrx_word' id='word_1_88' title='bbox 231 1378 272 1424; x_wconf 84' lang='lat' dir='ltr'>ex</span> <span class='ocrx_word' id='word_1_89' title='bbox 293 1360 384 1422; x_wconf 89' lang='lat' dir='ltr'>omni</span> <span class='ocrx_word' id='word_1_90' title='bbox 406 1358 522 1421; x_wconf 88' lang='lat' dir='ltr'>ordine</span> <span class='ocrx_word' id='word_1_91' title='bbox 542 1359 710 1422; x_wconf 88' lang='lat' dir='ltr'>inculcare</span> <span class='ocrx_word' id='word_1_92' title='bbox 729 1377 771 1422; x_wconf 90' lang='lat' dir='ltr'>ne</span> <span class='ocrx_word' id='word_1_93' title='bbox 793 1359 967 1424; x_wconf 91' lang='lat' dir='ltr'>desinant:</span> <span class='ocrx_word' id='word_1_94' title='bbox 992 1361 1082 1423; x_wconf 93' lang='lat' dir='ltr'>omni</span> <span class='ocrx_word' id='word_1_95' title='bbox 1103 1379 1170 1442; x_wconf 86' lang='lat' dir='ltr'>qua</span> 
     </span>
     <span class='ocr_line' id='line_1_16' title="bbox 229 1439 1166 1524; baseline 0.001 -22"><span class='ocrx_word' id='word_1_96' title='bbox 229 1445 368 1522; x_wconf 82' lang='lat' dir='ltr'>possunt</span> <span class='ocrx_word' id='word_1_97' title='bbox 400 1458 461 1521; x_wconf 90' lang='lat' dir='ltr'>ope</span> <span class='ocrx_word' id='word_1_98' title='bbox 494 1457 553 1519; x_wconf 85' lang='lat' dir='ltr'>pro</span> <span class='ocrx_word' id='word_1_99' title='bbox 584 1440 691 1502; x_wconf 88' lang='lat' dir='ltr'>salute</span> <span class='ocrx_word' id='word_1_100' title='bbox 721 1443 920 1521; x_wconf 90' lang='lat' dir='ltr'>populorum</span> <span class='ocrx_word' id='word_1_101' title='bbox 952 1439 1166 1524; x_wconf 89' lang='lat' dir='ltr'>contendant,</span> 
     </span>
     <span class='ocr_line' id='line_1_17' title="bbox 230 1520 1169 1601; baseline 0.001 -17"><span class='ocrx_word' id='word_1_102' title='bbox 230 1521 505 1601; x_wconf 88' lang='lat' dir='ltr'>potissimumque</span> <span class='ocrx_word' id='word_1_103' title='bbox 526 1520 684 1583; x_wconf 91' lang='lat' dir='ltr'>studeant</span> <span class='ocrx_word' id='word_1_104' title='bbox 703 1527 738 1584; x_wconf 90' lang='lat' dir='ltr'>et</span> <span class='ocrx_word' id='word_1_105' title='bbox 755 1523 840 1583; x_wconf 91' lang='lat' dir='ltr'>tueri</span> <span class='ocrx_word' id='word_1_106' title='bbox 861 1521 896 1583; x_wconf 93' lang='lat' dir='ltr'>in</span> <span class='ocrx_word' id='word_1_107' title='bbox 910 1537 955 1600; x_wconf 86' lang='lat' dir='ltr'>se,</span> <span class='ocrx_word' id='word_1_108' title='bbox 972 1527 1006 1584; x_wconf 93' lang='lat' dir='ltr'>et</span> <span class='ocrx_word' id='word_1_109' title='bbox 1025 1521 1169 1586; x_wconf 85' lang='lat' dir='ltr'>excitare</span> 
     </span>
     <span class='ocr_line' id='line_1_18' title="bbox 229 1601 1168 1683; baseline 0.002 -19"><span class='ocrx_word' id='word_1_110' title='bbox 229 1605 263 1664; x_wconf 88' lang='lat' dir='ltr'>in</span> <span class='ocrx_word' id='word_1_111' title='bbox 284 1603 369 1683; x_wconf 89' lang='lat' dir='ltr'>aliis,</span> <span class='ocrx_word' id='word_1_112' title='bbox 393 1601 532 1663; x_wconf 88' lang='lat' dir='ltr'>summis</span> <span class='ocrx_word' id='word_1_113' title='bbox 548 1601 646 1680; x_wconf 84' lang='lat' dir='ltr'>juxta</span> <span class='ocrx_word' id='word_1_114' title='bbox 667 1604 767 1683; x_wconf 88' lang='lat' dir='ltr'>atque</span> <span class='ocrx_word' id='word_1_115' title='bbox 788 1601 923 1680; x_wconf 90' lang='lat' dir='ltr'>infimis,</span> <span class='ocrx_word' id='word_1_116' title='bbox 938 1602 1086 1665; x_wconf 92' lang='lat' dir='ltr'>omnium</span> <span class='ocrx_word' id='word_1_117' title='bbox 1108 1601 1168 1666; x_wconf 92' lang='lat' dir='ltr'>do-</span> 
     </span>
     <span class='ocr_line' id='line_1_19' title="bbox 229 1681 1169 1763; baseline 0.002 -18"><span class='ocrx_word' id='word_1_118' title='bbox 229 1682 355 1746; x_wconf 90' lang='lat' dir='ltr'>minam</span> <span class='ocrx_word' id='word_1_119' title='bbox 386 1699 425 1744; x_wconf 90' lang='lat' dir='ltr'>ac</span> <span class='ocrx_word' id='word_1_120' title='bbox 454 1681 609 1760; x_wconf 83' lang='lat' dir='ltr'>reginam</span> <span class='ocrx_word' id='word_1_121' title='bbox 637 1681 813 1760; x_wconf 88' lang='lat' dir='ltr'>virtutum,</span> <span class='ocrx_word' id='word_1_122' title='bbox 836 1682 1021 1746; x_wconf 88' lang='lat' dir='ltr'>caritatem.</span> <span class='ocrx_word' id='word_1_123' title='bbox 1045 1683 1169 1763; x_wconf 87' lang='lat' dir='ltr'>Optata</span> 
     </span>
     <span class='ocr_line' id='line_1_20' title="bbox 229 1761 1169 1844; baseline 0.002 -20"><span class='ocrx_word' id='word_1_124' title='bbox 229 1765 351 1844; x_wconf 90' lang='lat' dir='ltr'>quippe</span> <span class='ocrx_word' id='word_1_125' title='bbox 374 1767 465 1825; x_wconf 90' lang='lat' dir='ltr'>salus</span> <span class='ocrx_word' id='word_1_126' title='bbox 486 1761 693 1840; x_wconf 86' lang='lat' dir='ltr'>expectanda</span> <span class='ocrx_word' id='word_1_127' title='bbox 713 1763 880 1842; x_wconf 77' lang='lat' dir='ltr'>praecipue</span> <span class='ocrx_word' id='word_1_128' title='bbox 901 1766 952 1825; x_wconf 90' lang='lat' dir='ltr'>est</span> <span class='ocrx_word' id='word_1_129' title='bbox 980 1780 1019 1826; x_wconf 87' lang='lat' dir='ltr'>ex</span> <span class='ocrx_word' id='word_1_130' title='bbox 1041 1778 1169 1838; x_wconf 81' lang='lat' dir='ltr'>magna</span> 
     </span>
     <span class='ocr_line' id='line_1_21' title="bbox 228 1842 1170 1920; baseline -0.001 -13"><span class='ocrx_word' id='word_1_131' title='bbox 228 1843 385 1907; x_wconf 88' lang='lat' dir='ltr'>effusione</span> <span class='ocrx_word' id='word_1_132' title='bbox 407 1843 576 1906; x_wconf 88' lang='lat' dir='ltr'>caritatis:</span> <span class='ocrx_word' id='word_1_133' title='bbox 604 1843 795 1906; x_wconf 76' lang='lat' dir='ltr'>christiana</span> <span class='ocrx_word' id='word_1_134' title='bbox 826 1843 974 1906; x_wconf 88' lang='lat' dir='ltr'>caritatis</span> <span class='ocrx_word' id='word_1_135' title='bbox 1004 1842 1170 1920; x_wconf 84' lang='lat' dir='ltr'>intelligi·</span> 
     </span>
     <span class='ocr_line' id='line_1_22' title="bbox 227 1923 1166 2005; baseline -0.001 -18"><span class='ocrx_word' id='word_1_136' title='bbox 227 1942 313 2002; x_wconf 76' lang='lat' dir='ltr'>muS,</span> <span class='ocrx_word' id='word_1_137' title='bbox 337 1941 410 2005; x_wconf 88' lang='lat' dir='ltr'>quae</span> <span class='ocrx_word' id='word_1_138' title='bbox 431 1925 535 1986; x_wconf 89' lang='lat' dir='ltr'>totius</span> <span class='ocrx_word' id='word_1_139' title='bbox 556 1923 732 2002; x_wconf 83' lang='lat' dir='ltr'>Evangelii</span> <span class='ocrx_word' id='word_1_140' title='bbox 754 1923 1000 2004; x_wconf 87' lang='lat' dir='ltr'>compendiaria</span> <span class='ocrx_word' id='word_1_141' title='bbox 1026 1923 1081 1985; x_wconf 85' lang='lat' dir='ltr'>lex</span> <span class='ocrx_word' id='word_1_142' title='bbox 1102 1927 1166 2003; x_wconf 90' lang='lat' dir='ltr'>est,</span> 
     </span>
     <span class='ocr_line' id='line_1_23' title="bbox 226 2001 1167 2085; baseline 0 -19"><span class='ocrx_word' id='word_1_143' title='bbox 226 2022 363 2085; x_wconf 86' lang='lat' dir='ltr'>quaeque</span> <span class='ocrx_word' id='word_1_144' title='bbox 391 2005 600 2084; x_wconf 88' lang='lat' dir='ltr'>semetipsam</span> <span class='ocrx_word' id='word_1_145' title='bbox 633 2021 692 2084; x_wconf 91' lang='lat' dir='ltr'>pro</span> <span class='ocrx_word' id='word_1_146' title='bbox 713 2004 855 2067; x_wconf 91' lang='lat' dir='ltr'>aliorum</span> <span class='ocrx_word' id='word_1_147' title='bbox 877 2001 1059 2067; x_wconf 92' lang='lat' dir='ltr'>commodis</span> <span class='ocrx_word' id='word_1_148' title='bbox 1079 2021 1167 2066; x_wconf 92' lang='lat' dir='ltr'>sem-</span> 
     </span>
     <span class='ocr_line' id='line_1_24' title="bbox 227 2084 1167 2165; baseline 0.001 -18"><span class='ocrx_word' id='word_1_149' title='bbox 227 2102 284 2165; x_wconf 87' lang='lat' dir='ltr'>per</span> <span class='ocrx_word' id='word_1_150' title='bbox 315 2086 475 2148; x_wconf 79' lang='lat' dir='ltr'>devovere</span> <span class='ocrx_word' id='word_1_151' title='bbox 508 2088 634 2163; x_wconf 88' lang='lat' dir='ltr'>parata,</span> <span class='ocrx_word' id='word_1_152' title='bbox 662 2087 778 2146; x_wconf 88' lang='lat' dir='ltr'>contra</span> <span class='ocrx_word' id='word_1_153' title='bbox 808 2084 923 2147; x_wconf 88' lang='lat' dir='ltr'>saeculi</span> <span class='ocrx_word' id='word_1_154' title='bbox 952 2084 1167 2148; x_wconf 87' lang='lat' dir='ltr'>insolentiam</span> 
     </span>
     <span class='ocr_line' id='line_1_25' title="bbox 226 2164 1169 2244; baseline 0.001 -18"><span class='ocrx_word' id='word_1_155' title='bbox 226 2170 324 2244; x_wconf 89' lang='lat' dir='ltr'>atque</span> <span class='ocrx_word' id='word_1_156' title='bbox 357 2164 611 2227; x_wconf 89' lang='lat' dir='ltr'>immoderatum</span> <span class='ocrx_word' id='word_1_157' title='bbox 643 2181 788 2227; x_wconf 89' lang='lat' dir='ltr'>amorem</span> <span class='ocrx_word' id='word_1_158' title='bbox 819 2165 871 2228; x_wconf 89' lang='lat' dir='ltr'>sui</span> <span class='ocrx_word' id='word_1_159' title='bbox 901 2164 1084 2228; x_wconf 86' lang='lat' dir='ltr'>certissima</span> <span class='ocrx_word' id='word_1_160' title='bbox 1116 2169 1169 2227; x_wconf 89' lang='lat' dir='ltr'>est</span> 
     </span>
     <span class='ocr_line' id='line_1_26' title="bbox 225 2243 1169 2326; baseline 0 -20"><span class='ocrx_word' id='word_1_161' title='bbox 225 2244 351 2307; x_wconf 90' lang='lat' dir='ltr'>homini</span> <span class='ocrx_word' id='word_1_162' title='bbox 374 2243 563 2307; x_wconf 85' lang='lat' dir='ltr'>antidotus:</span> <span class='ocrx_word' id='word_1_163' title='bbox 587 2245 682 2325; x_wconf 78' lang='lat' dir='ltr'>quus</span> <span class='ocrx_word' id='word_1_164' title='bbox 704 2245 838 2307; x_wconf 87' lang='lat' dir='ltr'>virtutis</span> <span class='ocrx_word' id='word_1_165' title='bbox 860 2248 970 2326; x_wconf 89' lang='lat' dir='ltr'>partes</span> <span class='ocrx_word' id='word_1_166' title='bbox 998 2263 1037 2307; x_wconf 88' lang='lat' dir='ltr'>ac</span> <span class='ocrx_word' id='word_1_167' title='bbox 1057 2245 1169 2307; x_wconf 90' lang='lat' dir='ltr'>linea·</span> 
     </span>
     <span class='ocr_line' id='line_1_27' title="bbox 226 2324 1167 2405; baseline 0.002 -19"><span class='ocrx_word' id='word_1_168' title='bbox 226 2331 338 2388; x_wconf 90' lang='lat' dir='ltr'>menta</span> <span class='ocrx_word' id='word_1_169' title='bbox 359 2324 472 2399; x_wconf 86' lang='lat' dir='ltr'>divina</span> <span class='ocrx_word' id='word_1_170' title='bbox 495 2325 629 2387; x_wconf 88' lang='lat' dir='ltr'>Paullus</span> <span class='ocrx_word' id='word_1_171' title='bbox 650 2327 830 2405; x_wconf 87' lang='lat' dir='ltr'>Apostolus</span> <span class='ocrx_word' id='word_1_172' title='bbox 850 2326 891 2388; x_wconf 92' lang='lat' dir='ltr'>iis</span> <span class='ocrx_word' id='word_1_173' title='bbox 904 2325 1013 2389; x_wconf 87' lang='lat' dir='ltr'>verbis</span> <span class='ocrx_word' id='word_1_174' title='bbox 1033 2343 1167 2405; x_wconf 84' lang='lat' dir='ltr'>expres-</span> 
     </span>
     <span class='ocr_line' id='line_1_28' title="bbox 224 2405 1166 2484; baseline 0.003 -18"><span class='ocrx_word' id='word_1_175' title='bbox 224 2405 276 2468; x_wconf 90' lang='lat' dir='ltr'>sit:</span> <span class='ocrx_word' id='word_1_176' title='bbox 304 2408 442 2470; x_wconf 82' lang='lat' dir='ltr'>Curttus</span> <span class='ocrx_word' id='word_1_177' title='bbox 459 2408 600 2483; x_wconf 77' lang='lat' dir='ltr'>potiens</span> <span class='ocrx_word' id='word_1_178' title='bbox 622 2409 684 2483; x_wconf 84' lang='lat' dir='ltr'>est,</span> <span class='ocrx_word' id='word_1_179' title='bbox 709 2411 857 2484; x_wconf 75' lang='lat' dir='ltr'>canipae</span> <span class='ocrx_word' id='word_1_180' title='bbox 880 2408 952 2469; x_wconf 81' lang='lat' dir='ltr'>est:</span> <span class='ocrx_word' id='word_1_181' title='bbox 975 2421 1045 2468; x_wconf 83' lang='lat' dir='ltr'>non</span> <span class='ocrx_word' id='word_1_182' title='bbox 1067 2423 1166 2479; x_wconf 78' lang='lat' dir='ltr'>quea·</span> 
     </span>
     <span class='ocr_line' id='line_1_29' title="bbox 224 2488 1166 2628; baseline 0.002 -81"><span class='ocrx_word' id='word_1_183' title='bbox 224 2490 274 2628; x_wconf 61' lang='grc' dir='ltr'>νῖι</span> <span class='ocrx_word' id='word_1_184' title='bbox 296 2505 373 2562; x_wconf 79' lang='lat' dir='ltr'>quea</span> <span class='ocrx_word' id='word_1_185' title='bbox 394 2504 458 2550; x_wconf 83' lang='lat' dir='ltr'>suu</span> <span class='ocrx_word' id='word_1_186' title='bbox 488 2489 594 2550; x_wconf 77' lang='lat' dir='ltr'>suat:</span> <span class='ocrx_word' id='word_1_187' title='bbox 627 2492 745 2549; x_wconf 78' lang='lat' dir='ltr'>omnic</span> <span class='ocrx_word' id='word_1_188' title='bbox 775 2488 923 2564; x_wconf 80' lang='lat' dir='ltr'>suffert:</span> <span class='ocrx_word' id='word_1_189' title='bbox 955 2489 1073 2550; x_wconf 82' lang='lat' dir='ltr'>omniu</span> <span class='ocrx_word' id='word_1_190' title='bbox 1103 2503 1166 2549; x_wconf 84' lang='lat' dir='ltr'>su-</span> 
     </span>
     <span class='ocr_line' id='line_1_30' title="bbox 223 2571 374 2632; baseline 0.007 -2"><span class='ocrx_word' id='word_1_191' title='bbox 223 2573 330 2632; x_wconf 80' lang='lat' dir='ltr'>stnct</span> <span class='ocrx_word' id='word_1_192' title='bbox 352 2571 374 2631; x_wconf 87' lang='lat'>¹.</span> 
     </span>
     <span class='ocr_line' id='line_1_31' title="bbox 145 2646 1168 2727; baseline -0.004 -13"><span class='ocrx_word' id='word_1_193' title='bbox 145 2709 147 2714; x_wconf 82' lang='grc'><strong>,</strong></span> <span class='ocrx_word' id='word_1_194' title='bbox 262 2649 464 2715; x_wconf 88' lang='lat' dir='ltr'>Divinorum</span> <span class='ocrx_word' id='word_1_195' title='bbox 478 2664 654 2710; x_wconf 91' lang='lat' dir='ltr'>munerum</span> <span class='ocrx_word' id='word_1_196' title='bbox 676 2647 844 2727; x_wconf 87' lang='lat' dir='ltr'>auspicem</span> <span class='ocrx_word' id='word_1_197' title='bbox 865 2664 903 2708; x_wconf 91' lang='lat' dir='ltr'>ac</span> <span class='ocrx_word' id='word_1_198' title='bbox 924 2646 1168 2710; x_wconf 69' lang='lat' dir='ltr'>benevolentiae</span> 
     </span>
     <span class='ocr_line' id='line_1_32' title="bbox 222 2726 1162 2806; baseline -0.003 -14"><span class='ocrx_word' id='word_1_199' title='bbox 222 2729 350 2792; x_wconf 88' lang='lat' dir='ltr'>Nostrae</span> <span class='ocrx_word' id='word_1_200' title='bbox 371 2735 488 2791; x_wconf 90' lang='lat' dir='ltr'>testem</span> <span class='ocrx_word' id='word_1_201' title='bbox 511 2726 604 2790; x_wconf 89' lang='lat' dir='ltr'>vobis</span> <span class='ocrx_word' id='word_1_202' title='bbox 617 2728 771 2806; x_wconf 82' lang='lat' dir='ltr'>singulis,</span> <span class='ocrx_word' id='word_1_203' title='bbox 785 2727 998 2791; x_wconf 86' lang='lat' dir='ltr'>Venerabiles</span> <span class='ocrx_word' id='word_1_204' title='bbox 1012 2727 1162 2805; x_wconf 60' lang='lat' dir='ltr'>Fratres</span> 
     </span>
     <span class='ocr_line' id='line_1_33' title="bbox 221 2805 1167 2889; baseline -0.001 -18"><span class='ocrx_word' id='word_1_205' title='bbox 221 2814 255 2871; x_wconf 89' lang='lat' dir='ltr'>et</span> <span class='ocrx_word' id='word_1_206' title='bbox 275 2811 367 2872; x_wconf 81' lang='lat' dir='ltr'>(llero</span> <span class='ocrx_word' id='word_1_207' title='bbox 389 2810 576 2889; x_wconf 89' lang='lat' dir='ltr'>populoque</span> <span class='ocrx_word' id='word_1_208' title='bbox 592 2812 703 2871; x_wconf 89' lang='lat' dir='ltr'>vestro</span> <span class='ocrx_word' id='word_1_209' title='bbox 719 2808 941 2888; x_wconf 78' lang='lat' dir='ltr'>apostolicam</span> <span class='ocrx_word' id='word_1_210' title='bbox 962 2805 1167 2871; x_wconf 89' lang='lat' dir='ltr'>benedictio·</span> 
     </span>
     <span class='ocr_line' id='line_1_34' title="bbox 221 2889 1081 2970; baseline 0 -20"><span class='ocrx_word' id='word_1_211' title='bbox 221 2906 296 2952; x_wconf 92' lang='lat' dir='ltr'>nem</span> <span class='ocrx_word' id='word_1_212' title='bbox 317 2893 526 2970; x_wconf 86' lang='lat' dir='ltr'>peramanter</span> <span class='ocrx_word' id='word_1_213' title='bbox 546 2889 579 2951; x_wconf 94' lang='lat' dir='ltr'>in</span> <span class='ocrx_word' id='word_1_214' title='bbox 602 2890 741 2953; x_wconf 91' lang='lat' dir='ltr'>Domino</span> <span class='ocrx_word' id='word_1_215' title='bbox 762 2889 981 2968; x_wconf 83' lang='lat' dir='ltr'>impertimus</span> <span class='ocrx_word' id='word_1_216' title='bbox 1075 2945 1081 2957; x_wconf 83' lang='grc'><strong>,</strong></span> 
     </span>
     <span class='ocr_line' id='line_1_35' title="bbox 260 2967 1165 3048; baseline 0.002 -19"><span class='ocrx_word' id='word_1_217' title='bbox 260 2970 381 3030; x_wconf 88' lang='lat' dir='ltr'>Datum</span> <span class='ocrx_word' id='word_1_218' title='bbox 409 2971 520 3032; x_wconf 75' lang='lat' dir='ltr'>Roma</span> <span class='ocrx_word' id='word_1_219' title='bbox 551 2970 640 3046; x_wconf 89' lang='lat' dir='ltr'>apud</span> <span class='ocrx_word' id='word_1_220' title='bbox 668 2971 699 3031; x_wconf 87' lang='lat' dir='ltr'>S.</span> <span class='ocrx_word' id='word_1_221' title='bbox 728 2971 882 3048; x_wconf 91' lang='lat' dir='ltr'>Petrum,</span> <span class='ocrx_word' id='word_1_222' title='bbox 913 2968 965 3031; x_wconf 91' lang='lat' dir='ltr'>die</span> <span class='ocrx_word' id='word_1_223' title='bbox 996 2985 1045 3030; x_wconf 85' lang='lat' dir='ltr'>xv</span> <span class='ocrx_word' id='word_1_224' title='bbox 1076 2967 1165 3048; x_wconf 85' lang='lat' dir='ltr'>Maji</span> 
     </span>
     <span class='ocr_line' id='line_1_36' title="bbox 220 3049 1160 3130; baseline 0.003 -20"><span class='ocrx_word' id='word_1_225' title='bbox 220 3067 307 3111; x_wconf 89' lang='lat' dir='ltr'>anno</span> <span class='ocrx_word' id='word_1_226' title='bbox 328 3065 506 3128; x_wconf 83' lang='lat' dir='ltr'>nnccoxor,</span> <span class='ocrx_word' id='word_1_227' title='bbox 524 3050 741 3112; x_wconf 88' lang='lat' dir='ltr'>Pontificatus</span> <span class='ocrx_word' id='word_1_228' title='bbox 762 3050 873 3113; x_wconf 87' lang='lat' dir='ltr'>Nostri</span> <span class='ocrx_word' id='word_1_229' title='bbox 893 3049 1160 3130; x_wconf 87' lang='lat' dir='ltr'>decimoquarto.</span> 
     </span>
    </p>
   </div>
   <div class='ocr_carea' id='block_1_3' title="bbox 250 3225 578 3290">
    <p class='ocr_par' dir='ltr' id='par_1_3' title="bbox 250 3225 578 3290">
     <span class='ocr_line' id='line_1_37' title="bbox 250 3225 578 3290; baseline 0.003 -14"><span class='ocrx_word' id='word_1_230' title='bbox 250 3226 259 3260; x_wconf 92' lang='lat'>¹</span> <span class='ocrx_word' id='word_1_231' title='bbox 276 3226 289 3276; x_wconf 94' lang='lat' dir='ltr'>I</span> <span class='ocrx_word' id='word_1_232' title='bbox 307 3225 435 3278; x_wconf 82' lang='lat' dir='ltr'>Corinth.</span> <span class='ocrx_word' id='word_1_233' title='bbox 452 3241 513 3290; x_wconf 90' lang='lat' dir='ltr'>x111,</span> <span class='ocrx_word' id='word_1_234' title='bbox 530 3228 578 3277; x_wconf 83' lang='grc'><strong>4-7.</strong></span> 
     </span>
    </p>
   </div>
   <div class='ocr_carea' id='block_1_4' title="bbox 540 3425 831 3488">
    <p class='ocr_par' dir='ltr' id='par_1_4' title="bbox 540 3425 831 3488">
     <span class='ocr_line' id='line_1_38' title="bbox 540 3425 831 3488; baseline 0.007 -2"><span class='ocrx_word' id='word_1_235' title='bbox 540 3425 619 3487; x_wconf 85' lang='lat' dir='ltr'>LEO</span> <span class='ocrx_word' id='word_1_236' title='bbox 648 3427 709 3488; x_wconf 89' lang='grc' dir='ltr'>ΡΡ.</span> <span class='ocrx_word' id='word_1_237' title='bbox 737 3428 831 3488; x_wconf 87' lang='grc' dir='ltr'>ΧΙΙΙ.</span> 
     </span>
    </p>
   </div>
   <div class='ocr_carea' id='block_1_5' title="bbox 0 0 1282 4182">
    <p class='ocr_par' dir='ltr' id='par_1_5' title="bbox 0 0 1282 4182">
     <span class='ocr_line' id='line_1_39' title="bbox 0 0 1282 4182; baseline 0 4"><span class='ocrx_word' id='word_1_238' title='bbox 0 0 1282 4182; x_wconf 95' lang='lat' dir='ltr'> </span> 
     </span>
    </p>
   </div>
  </div>
 </body>
</html>
