2576 4180
602 257 781 318 -196-

226 365 327 427 cotos
356 379 548 440 puerorum
578 367 723 440 soboles,
758 367 792 425 et
824 365 1026 426 seminaria
1061 367 1168 427 Cleri-

229 461 361 507 coruos.

267 523 374 586 Ceteri
395 541 473 586 vero
494 539 608 585 omnes
630 526 725 585 extra
745 522 866 586 Urbem
889 523 1091 603 ubicumque
1112 523 1166 585 de-

227 607 345 681 gentes
365 603 431 665 tria
451 603 585 681 templa,
610 621 630 664 a
651 602 756 676 vobis,
781 603 992 666 venerabiles
1020 605 1164 684 Fratres,

171 721 178 740 .
226 689 285 745 aut
306 703 326 746 a
347 683 464 746 vestris
484 681 626 744 Vicariis
648 699 707 744 seu
728 681 941 762 Officialibus,
965 687 1025 746 aut
1046 683 1084 745 de
1105 701 1163 746 ve-

226 770 295 827 stro
312 780 473 827 eorumve
489 763 647 825 mandato
661 763 703 824 ab
717 762 760 824 iis
774 765 832 842 qui
845 780 961 826 curam
975 763 1164 827 animarum

226 850 391 906 exercent¹
403 843 621 922 designanda,
644 847 706 921 bis,
730 844 795 916 vel,
811 843 877 926 duo
892 847 1025 906 tantum
1040 844 1069 906 si
1083 849 1166 907 tem-

226 925 282 1003 pla
302 924 437 1002 fuerint,
463 926 527 1002 ter,
550 923 615 1001 vel,
639 924 666 984 si
687 939 805 1002 unum,
826 929 954 1002 comica,
979 922 1067 986 dicto
1083 928 1166 986 tem·

225 1004 317 1084 poris
338 1005 515 1067 intervallo
537 1003 676 1081 adeant,
699 1003 779 1066 item
811 1003 878 1065 alia
908 1021 1009 1084 opera
1039 1003 1163 1080 omnia,

121 1145 124 1154 ,
226 1102 301 1165 quae
322 1101 422 1176 supra
444 1088 702 1147 commemorata
729 1086 818 1162 sunt,
850 1086 1025 1164 peragant.
1059 1085 1165 1158 Quam

180 1223 182 1226 .
224 1164 471 1241 indulgentiam
491 1165 590 1226 etiam
606 1164 790 1236 animabus
805 1180 879 1243 quae
894 1165 960 1226 Deo
975 1165 1011 1225 in
1024 1165 1165 1226 caritate

224 1245 412 1320 conjunctae
432 1261 473 1306 ex
493 1243 556 1305 hac
579 1244 647 1304 vita
673 1244 904 1322 migraverint,
936 1262 995 1322 per
1026 1243 1165 1306 modum

224 1323 378 1402 suffragii
399 1324 560 1404 applicari
580 1340 676 1404 posse
697 1324 864 1387 volumus.
881 1324 983 1386 Vobis
1003 1328 1166 1404 praeterea

225 1407 423 1484 potestatem
443 1403 598 1482 facimus,
620 1408 659 1465 ut
679 1403 839 1485 Capitulis
860 1407 893 1466 et
920 1404 1165 1481 congregatio·

224 1484 324 1546 nibus
345 1486 414 1545 tam
435 1483 644 1546 saecularium
665 1500 766 1564 quam
787 1483 1006 1562 regularium,
1043 1483 1167 1547 sodali-

223 1564 360 1642 tatibus,
383 1563 724 1642 confraternitatibus,
748 1564 1033 1642 universitatibus
1062 1563 1166 1628 colle-

224 1644 292 1724 giis
312 1644 575 1725 quibuscumque
605 1648 805 1707 memoratas
835 1645 999 1707 Ecclesias
1031 1661 1166 1725 proces-

224 1725 397 1787 sionaliter
417 1725 642 1804 visitantibus,
667 1723 798 1786 easdem
819 1722 1024 1787 visitationes
1045 1723 1087 1786 ad
1108 1725 1167 1786 mi·

224 1823 338 1867 norem
360 1823 536 1868 numerum
557 1822 616 1884 pro
638 1809 748 1866 vestro
770 1803 926 1883 prudenti
947 1805 1085 1868 arbitrio
1110 1819 1166 1866 re·

227 1884 347 1947 ducere
368 1885 511 1964 possitis.

264 1964 479 2027 concedimus
499 1980 579 2026 vero
600 1967 638 2025 ut
659 1964 861 2042 navigantes
881 1968 913 2026 et
933 1965 996 2026 iter
1009 1967 1163 2042 agentes,

224 2044 282 2106 ubi
303 2044 345 2106 ad
366 2063 427 2106 sua
448 2043 626 2123 domicilia,
650 2045 705 2106 vel
726 2045 791 2106 alio
823 2044 866 2106 ad
897 2048 1022 2106 certam
1043 2043 1164 2108 statio-

224 2141 300 2185 nem
322 2141 393 2186 sese
415 2125 611 2204 receperint,
634 2123 770 2186 visitato
790 2131 906 2188 semies
936 2126 1062 2204 templo
1092 2141 1166 2186 ma·

225 2204 311 2266 ximo
333 2221 392 2266 seu
412 2205 605 2283 parochiali,
628 2204 810 2285 ceterisque
831 2204 996 2285 operibus,
1020 2221 1094 2285 quae
1108 2222 1166 2267 su-

224 2300 287 2363 pra
304 2285 499 2365 prascripta
519 2288 608 2362 sunt,
631 2284 694 2346 rite
716 2285 871 2364 peractis,
887 2284 1037 2348 eamdem
1051 2284 1166 2347 indul-

223 2367 374 2442 gentiam
405 2366 563 2445 consequi
593 2367 727 2445 queant.
759 2401 800 2410 —
829 2365 1051 2445 Regularibus
1082 2381 1164 2428 vero

222 2444 369 2524 personis
391 2445 562 2524 utriusque
583 2462 692 2524 saxna,
714 2444 816 2507 etiam
843 2445 881 2507 in
911 2445 1066 2507 claustris
1087 2462 1163 2525 per-

222 2527 324 2604 petuo
356 2524 568 2604 degentibus,
603 2541 662 2586 neo
693 2542 761 2587 uon
791 2524 868 2587 aliis
893 2524 1165 2606 quibuscumque

223 2609 293 2667 tam
314 2605 418 2683 laicis,
443 2623 542 2686 quam
563 2604 806 2683 ecclesiasticis,
829 2605 886 2685 qui
906 2622 1050 2676 carcere,
1064 2605 1162 2668 infir-

221 2685 337 2748 mitate
359 2687 516 2765 corporis,
538 2688 597 2747 aut
618 2684 846 2766 alioquolibet
857 2684 951 2764 justa
965 2701 1084 2747 caussa
1099 2685 1165 2748 im-

220 2765 411 2844 pediantur,
432 2765 610 2844 quominus
632 2768 813 2842 memorata
834 2781 946 2845 opera,
970 2766 1025 2828 vel
1046 2782 1165 2828 eorum

221 2845 333 2924 aliqua
354 2848 525 2924 praestent,
547 2845 769 2923 concedimus,
802 2846 840 2906 ut
866 2862 906 2907 ea
936 2844 1165 2908 Confessarius
1232 2917 1235 2924 ,

221 2924 256 2984 in
286 2924 353 2985 alia
382 2925 514 3002 pietatis
545 2941 645 3005 opera
675 2927 880 2988 commutare
912 2925 1039 3003 possit,
1070 2924 1165 2989 facta

221 3003 324 3065 etiam
345 3009 508 3083 potestate
529 3003 741 3085 dispensandi
762 3020 861 3083 snper
887 3004 1165 3069 communionem

221 3100 299 3145 cum
320 3083 432 3161 pueris
460 3083 608 3146 nondum
639 3084 681 3147 ad
713 3085 856 3164 primam
887 3084 1164 3148 Communicnem

221 3163 383 3225 admissis.
408 3165 548 3242 Insuper
569 3164 732 3228 universis
752 3171 786 3226 et
806 3165 951 3242 singulis
978 3164 1098 3226 Christi
1119 3163 1162 3226 fi-

220 3242 360 3324 delibus,
383 3247 453 3306 tam
474 3243 569 3306 laicis
590 3261 691 3325 quam
716 3244 957 3319 ecclesiasticis,
991 3245 1163 3307 saeculari-

223 3323 287 3386 bus
308 3340 348 3386 ac
367 3324 579 3402 regularibus
600 3324 749 3404 cujusvis
770 3323 898 3387 Ordinis
930 3329 963 3386 et
995 3325 1160 3404 Instituti,

221 3403 324 3466 etiam
345 3403 532 3483 specialiter
553 3404 758 3482 nominandi,
780 3404 976 3468 facultatem
1008 3403 1163 3467 concedi·

220 3501 306 3560 mus,
339 3490 378 3546 ut
409 3483 470 3547 sibi
501 3483 544 3547 ad
574 3484 664 3548 hunc
698 3483 855 3548 effectum
885 3485 1010 3564 eligere
1030 3486 1162 3565 possint
