2496 4172
559 244 739 306 -158-

182 352 261 431 cies,
282 369 359 414 curn
382 351 444 414 sibi
464 350 578 413 videre
598 353 690 414 visus
722 354 772 413 est
803 351 951 416 Basilica
983 353 1129 418 Latera-

181 431 295 494 nensis
315 432 474 494 inclinata
494 431 618 493 moenia
638 430 783 501 humeris
813 432 883 495 suis
904 435 1128 500 Franciscum

181 511 411 574 sustinentem.
448 512 594 586 Quorum
628 512 678 573 vis
713 511 864 654 ratioque
887 510 1127 591 portentorum

179 592 355 672 perspicua
375 595 445 654 est:
469 591 627 653 nimirum
647 590 804 669 significa
827 597 913 671 atur,
930 592 1125 658 christianae

180 673 369 753 reipublioae
388 689 456 734 non
481 671 555 733 leve
585 687 645 751 per
675 688 715 734 ea
744 675 897 753 tempora
926 674 1121 752 praesidium

181 756 214 814 et
248 752 413 815 columen.
430 752 644 814 Franciscum
674 751 837 814 futurum.
871 753 998 815 Revera
1031 755 1121 818 nihil

179 839 355 895 cunctatus
376 835 427 894 est
446 832 528 910 quin
549 831 794 908 accingeretur.
818 831 965 894 Duodeni
979 834 1039 911 illi,
1055 837 1117 914 qui

179 929 214 975 se
235 913 271 974 in
293 912 366 992 ejus
387 911 596 991 disciplinam
617 911 717 992 primi
746 913 968 992 contulerant,
999 915 1119 993 exigui

177 994 284 1055 instar
305 993 441 1055 seminis
461 992 652 1067 extiterunt,
675 993 764 1073 quod
785 992 929 1055 secundo
959 993 1020 1055 Dei
1051 1013 1119 1056 nu-

179 1073 278 1150 mine,
314 1071 536 1153 auspiciisque
570 1071 737 1134 Pontificis
771 1072 930 1151 maximi,
966 1073 1121 1136 celeriter

179 1152 288 1215 visum
310 1156 361 1214 est
381 1155 415 1213 in
436 1151 639 1214 uberrimam
659 1155 809 1231 segetem
830 1153 1028 1216 adolescere.
1056 1154 1116 1216 Eis

179 1232 286 1310 igitur
308 1233 348 1294 ad
370 1232 490 1294 Christi
511 1233 662 1310 exempla
683 1235 797 1294 sancte
817 1233 980 1295 institutis
1004 1233 1119 1297 varias

183 1311 286 1374 ltaliae
306 1313 512 1391 Europaeque
534 1311 699 1390 regiones,
723 1313 902 1390 Evangelii
916 1331 1045 1388 caussa,
1061 1314 1119 1376 de-

177 1392 308 1455 scribit:
331 1393 409 1454 dato
428 1391 526 1453 certis
546 1393 634 1453 inter
655 1410 710 1454 eos
731 1393 879 1472 negotio,
903 1393 997 1455 utin
1022 1393 1113 1456 Airi-

178 1489 252 1534 cam
273 1490 377 1553 usque
398 1471 578 1552 trajiciant.
602 1472 668 1534 Nec
689 1489 798 1534 mora:
830 1472 945 1554 inopes
976 1472 1114 1551 indocti,

177 1551 286 1628 rudes,
310 1551 524 1615 committunt
543 1555 656 1614 tamen
676 1552 799 1632 populo
819 1569 908 1616 sese:
940 1554 975 1615 in
1005 1553 1117 1616 triviis

174 1632 294 1710 plateis
320 1650 372 1711 ue,
396 1633 489 1695 nullo
509 1632 573 1695 loci
594 1637 756 1713 apparatu
777 1649 837 1695 nec
857 1649 979 1714 pompa
998 1633 1117 1696 verbo-

173 1729 261 1784 rum,
284 1650 326 1776 aq
346 1715 574 1806 contemptum
595 1729 706 1774 rerum
731 1711 953 1778 humanarum
985 1714 1115 1792 cogita-

175 1792 366 1874 tionemque
387 1792 493 1855 futurr
513 1791 628 1854 saeculi
649 1791 801 1855 homines
832 1792 1002 1856 adhortari
1032 1794 1115 1856 inci-

172 1873 280 1951 piunt.
304 1874 427 1935 Mirum
447 1877 518 1934 tam
530 1872 662 1951 ineptis,
679 1876 717 1934 ut
733 1872 940 1951 videbantur,
957 1874 1116 1952 operariis

174 1960 319 2032 quantus
350 1951 519 2031 respondit
549 1967 656 2030 operae
686 1952 825 2015 fructus.
860 1953 910 2014 Ad
942 1971 998 2015 eos
1025 1953 1114 2015 enim

173 2031 340 2096 confluere
362 2032 555 2094 catervatim
576 2030 697 2172 cupida
727 2031 884 2095 audiendi
912 2032 1112 2096 multitudo:

172 2116 245 2174 tum
257 2112 405 2174 dolenter
416 2110 560 2173 admissa
575 2110 614 2173 de
642 2128 706 2189 ere,
726 2111 879 2175 oblivisci
895 2112 1111 2194 injuriarum,

172 2192 430 2272 compositisque
460 2190 603 2254 dissidiis
632 2189 675 2252 a'd
706 2193 797 2270 pacis
827 2193 967 2255 consilia
990 2192 1112 2257 redire.

174 2272 369 2334 Incredibile
390 2271 481 2333 dictu
502 2275 576 2346 est,
600 2276 726 2351 quanta
745 2272 964 2335 inclinatione
984 2273 1114 2336 animo·

172 2370 247 2414 rum
268 2369 308 2414 ac
328 2367 430 2432 prope
450 2352 576 2430 impetu
597 2351 639 2413 ad
660 2352 872 2414 Franciscum
894 2353 992 2414 turba
1018 2371 1113 2433 rape·

172 2437 275 2495 retur.
298 2432 556 2494 Assectabantur
578 2433 722 2494 maximo
743 2449 924 2507 concursu,
952 2450 1113 2514 quacum-

172 2530 236 2594 que
258 2511 313 2574 ille
334 2511 584 2589 ingrederetur:
607 2529 669 2573 nec
690 2528 766 2573 raro
787 2528 826 2573 ex
842 2512 981 2592 oppidis,
999 2529 1040 2574 ex
1054 2533 1111 2576 ur·

172 2593 270 2657 bibus
291 2591 569 2672 frequentioribus
590 2591 738 2654 universi
753 2594 936 2670 promiscue
950 2594 1041 2656 cives
1055 2594 1114 2657 ho·

172 2674 256 2736 mini
276 2679 371 2734 erant
391 2673 567 2753 supplices,
591 2676 629 2734 ut
650 2688 685 2732 se
705 2672 807 2734 vellet
837 2672 872 2734 in
899 2672 1112 2752 disciplinam

171 2752 236 2816 rite
257 2753 415 2832 accipere.
440 2787 476 2796 -
498 2751 718 2826 Quamobrem
739 2769 857 2814 caussa
870 2756 952 2814 nata
966 2756 1018 2816 est
1039 2753 1113 2815 viro

172 2833 392 2911 sanctissimo,
415 2851 475 2894 cur
495 2832 703 2894 sodalitatem
730 2835 837 2894 Tertii
862 2835 1002 2895 Ordinis·
1016 2833 1112 2896 insti·

170 2915 288 2986 tuerat,
304 2929 380 2991 quae
393 2928 525 2975 omnem
539 2911 711 2982 hominum
725 2910 961 2990 conditionem,
978 2930 1112 2978 omnem

172 2995 317 3068 atatem,
333 2995 513 3072 utrumque
524 3009 641 3054 sexum
655 2991 826 3071 reciperet,
841 3009 901 3054 neo
912 2991 1048 3056 familiae
1062 3013 1114 3056 re-

171 3087 310 3151 rumque
337 3070 594 3134 domesticarum
615 3071 751 3134 vincula
771 3072 993 3152 abrumperet.
1028 3075 1112 3137 Eam

172 3151 292 3231 quippe
307 3150 486 3230 prudenter
506 3152 706 3230 temperavit
726 3171 794 3215 non
806 3155 874 3216 tam
885 3153 1018 3231 legibus
1033 3171 1111 3232 pro-

171 3231 263 3311 priis,
289 3249 389 3312 quam
410 3230 490 3310 ipsis
510 3232 625 3309 legum
646 3233 916 3312 evangelicarum
938 3233 1109 3312 partibus:

171 3329 244 3393 quaa
271 3328 351 3375 sane
372 3309 495 3372 nemini
516 3311 697 3375 christiano
719 3312 892 3391 graviores
920 3312 1108 3379 videantur.

170 3392 333 3455 Videlicet
347 3390 519 3472 praeceptis
534 3391 591 3452 Dei
605 3393 825 3473 Ecclesiaeque
842 3393 1108 3535 obtemdperetur:

171 3473 282 3537 absint
303 3471 462 3534 factiones
477 3475 511 3534 et
525 3471 622 3534 rixae:
638 3472 723 3535 nihil
737 3473 929 3536 detrahatur
966 3474 1109 3536 ealicna
