2576 4180
505 265 683 326 -193—

109 374 292 436 ciscalium
313 373 464 439 ordinem
485 372 645 450 Tertium,
670 388 767 451 quem
781 377 988 435 secularem
1003 389 1064 434 no·

109 455 261 534 minant,
284 455 320 515 in
341 451 483 515 Dioecesi
505 452 645 532 quisque
666 456 777 515 vestra
798 452 886 514 tueri
900 455 933 513 et
949 452 1065 532 ampli-

109 535 221 597 ficare
233 533 463 614 perseveretis.
479 531 630 595 Profecto
640 531 682 594 ed
697 533 960 594 conservandum
976 534 1065 594 alen·

110 615 267 696 dumque
288 613 495 694 poenitentiae
515 613 550 674 in
571 611 754 674 christiana
767 611 981 674 multitudine
997 611 1064 691 spi-

110 695 238 772 ritum,
253 695 435 774 plurimum
450 692 584 756 omnino
599 693 746 756 valitura
766 698 845 754 sunt
866 693 1018 772 exempla
1031 694 1065 753 et

109 776 237 854 gratia
253 779 436 843 Francisei
456 776 667 835 Assisiensis
681 774 796 852 patris,
814 773 870 852 qui
885 789 961 835 cum
976 789 1065 834 sum-

110 873 177 918 ma
203 855 395 917 innocentia
429 853 508 916 vitae
542 855 674 914 tantum
708 852 885 932 conjunxit
915 852 1065 915 studium

111 935 315 1014 castigandi
336 935 399 1014 sui,
422 936 461 996 ut
484 935 504 995 J
507 951 565 996 esu
580 931 700 996 Christi
714 933 865 996 crucifixi
878 932 1064 1012 imaginem

110 1033 192 1079 non
213 1014 324 1078 minus
344 1016 414 1076 vita
436 1017 470 1076 et
490 1012 649 1093 moribus,
673 1030 774 1094 quam
795 1013 965 1093 impressis
980 1012 1063 1074 divi-

110 1095 217 1157 nitus
237 1096 344 1173 signis
364 1093 517 1156 retulisse
534 1092 698 1160 videatur.
716 1095 821 1172 Leges
834 1093 908 1172 ejus
922 1091 1063 1171 Ordinis,

143 1193 209 1237 uas
230 1180 414 1254 opportune
433 1174 704 1253 temperavimus,
727 1173 830 1252 longe
845 1177 923 1236 sunt
936 1173 980 1236 ad
990 1191 1066 1254 per·

112 1193 300 1318 Ierendum
321 1255 425 1317 leves:
448 1258 655 1317 momentum
683 1254 725 1316 ad
756 1253 970 1318 christianam
1001 1254 1066 1316 vir-

115 1339 235 1398 tutem
255 1333 378 1398 habent
399 1352 466 1397 non
487 1332 573 1396 leve.

163 1415 292 1478 Deinde
315 1433 391 1478 vero
412 1417 447 1476 in
467 1414 519 1476 his
550 1414 691 1493 privatis
722 1415 930 1494 publicisque
961 1413 1065 1477 tantis

116 1495 394 1572 necessitatibus,
411 1511 488 1556 cum
502 1497 574 1556 tota
588 1511 663 1574 spes
675 1495 796 1558 salutis
809 1495 926 1576 utique
950 1496 984 1557 in
1011 1511 1067 1573 po·

116 1574 269 1638 trocinio
279 1577 449 1655 tutelaque
460 1575 571 1638 Patris
585 1575 725 1636 caelestis
740 1576 912 1652 consistat,
925 1592 1066 1651 magno·

116 1673 207 1736 pere
227 1656 400 1733 vellemus,
422 1653 570 1717 studium
591 1655 747 1734 precandi
768 1658 927 1718 constans
942 1658 1067 1717 etcum

116 1735 252 1798 fiducia
271 1736 489 1814 conjunctum
503 1734 711 1797 reviviscere.
728 1771 768 1780 -
783 1737 822 1797 In
837 1736 929 1798 omni
942 1750 1068 1812 magno

115 1815 315 1878 christianae
338 1815 527 1894 reipublioae
555 1819 716 1895 tempore,
749 1816 880 1895 quoties
911 1813 1068 1876 Ecclesiae

117 1895 297 1975 usuvenit,
319 1899 357 1957 ut
378 1895 432 1956 vel
452 1895 598 1958 externis
618 1895 786 1975 periculis,
816 1897 869 1958 vel
900 1893 1069 1957 intestinis

117 1978 335 2057 premeretur
355 1975 584 2053 incommodis,
607 1975 764 2068 praeelare
784 1976 926 2057 maJ‘ores
947 1974 1066 2050 nostri,

119 2053 268 2118 sublatis
289 2055 323 2116 in
344 2055 463 2117 caelum
484 2056 677 2196 suppliciter
709 2056 835 2133 oeulis,
869 2057 1066 2129 docuerunt,

121 2153 199 2216 qua
217 2136 345 2198 ratione
367 2134 509 2197 etunde
543 2151 642 2197 umen
664 2137 780 2214 animi,
801 2137 891 2200 unde
911 2137 982 2198 vim
1000 2135 1068 2197 vir-

120 2215 212 2278 tutis
231 2217 265 2277 et
285 2219 365 2295 apta
384 2215 589 2294 temporibus
608 2213 803 2294 adjumenta
829 2222 941 2298 petere
974 2232 1069 2296 opor·

122 2297 227 2357 teret.
253 2293 464 2356 lnhaerebant
484 2296 572 2358 enim
592 2295 725 2375 penitus
756 2297 791 2358 in
821 2298 989 2360 mentibus
1009 2295 1069 2358 illa

122 2377 211 2438 Jesu
231 2375 353 2438 Christi
374 2378 549 2455 praecepta:
568 2376 677 2452 petite
698 2378 732 2439 et
752 2379 894 2440 clabitur
914 2382 1011 2442 nobis
1033 2377 1067 2454 13

124 2457 266 2534 oportet
288 2471 422 2532 semper
444 2472 549 2518 orare
569 2461 602 2518 et
622 2472 693 2518 non
724 2459 868 2529 delicere
889 2459 913 2520 2.
943 2457 1069 2531 Quibus

125 2539 265 2598 resonet
297 2536 531 2615 Apostolorum
562 2553 653 2598 vox:
697 2541 773 2598 sine
807 2539 1070 2600 intermissione

127 2617 230 2680 orele
250 2617 279 2698 3;
302 2618 440 2678 obsecro
477 2617 590 2694 ipitnr
616 2620 772 2692 primurn
804 2622 960 2679 omninno
988 2619 1068 2689 lieri

126 2699 397 2773 obsecrationes,
420 2699 611 2773 orationes
631 2697 895 2775 postulationes
933 2697 1071 2774 protie-

125 2793 212 2838 nnnn
232 2778 388 2839 cotiones
418 2791 482 2853 pro
510 2779 668 2839 omnibns
700 2781 896 2840 horninibus
917 2777 940 2838 4.
965 2776 1070 2851 Quam

125 2855 172 2918 ad
194 2873 265 2918 rem
287 2872 354 2918 non
375 2855 485 2918 minus
506 2858 603 2918 acute
625 2871 725 2936 quam
746 2873 825 2920 vere
855 2856 939 2919 illud
968 2859 1072 2919 Joan·

124 2952 189 2998 nes
209 2936 466 3017 Chrysostomus
487 2935 649 3016 scriptum
670 2953 729 3017 per
750 2936 1004 3002 similitudinem
1019 2953 1071 2999 re-

125 3017 244 3096 liquit:
301 3032 345 3078 uo
376 3015 474 3078 modo
505 3015 643 3094 homini,
677 3034 754 3079 cum
787 3018 898 3080 nudus
919 3017 1072 3098 idemque

126 3112 237 3174 egens
258 3113 294 3158 re
316 3112 357 3158 us
378 3095 530 3159 omnibus
551 3095 752 3176 suscipiatur
765 3097 801 3160 in
816 3098 936 3174 lucem,
952 3115 1073 3160 manus

125 3179 254 3239 natura
275 3174 376 3253 dedit,
400 3192 541 3257 quarum
563 3193 697 3256 operes
718 3177 761 3239 ad
787 3177 890 3240 vitam
923 3196 1073 3242 neeessa-

125 3258 197 3320 rias
218 3256 283 3318 sibi
302 3259 530 3336 compararet;
552 3256 599 3318 ita
620 3256 654 3318 in
675 3255 730 3336 iis,
753 3274 827 3338 quae
858 3261 938 3322 sunt
970 3274 1072 3338 supra

161 3371 173 3404 ¹
189 3369 297 3422 Mettis
313 3385 364 3435 vn,
380 3371 403 3421 i.
622 3371 717 3422 ³Lu0.
733 3387 813 3438 xvnr,
831 3374 853 3424 1.

160 3433 173 3468 ³
189 3433 204 3482 Ι
220 3433 350 3484 Thessal.
367 3448 394 3498 v,
409 3433 448 3484 17.
621 3433 632 3468 ⁴
647 3433 662 3484 1
678 3433 803 3505 TImoth.
820 3437 884 3500 11,1.

195 3513 285 3578 Epist.
301 3513 412 3581 Eneyrl.
430 3512 530 3566 Leonis
547 3514 601 3566 PP.
618 3514 699 3565 XIII
735 3533 737 3550 =
979 3515 1010 3565 13
1078 3511 1080 3518 ’
