2496 4172
503 234 683 295 —167-

121 343 257 406 tissima
277 343 385 406 Mater
403 340 475 414 Dei,
501 357 559 418 per
584 339 710 402 Rosarii
735 357 848 419 preces
876 340 1065 421 implorata,

125 425 253 486 nomini
275 422 455 485 christiano
477 422 592 483 volens
607 421 750 500 propitia
764 429 984 490 succurreret.
1001 425 1067 486 No-

126 503 325 566 bilissimum
340 520 418 565 sane
434 501 659 581 spectaculum
675 518 731 579 per
746 517 801 562 eos
816 501 885 564 dies
901 503 982 565 caelo
1001 507 1067 565 ter-

126 601 236 664 raeque
251 583 437 646 exhibitum
462 581 611 645 omnium
625 580 661 642 iu
676 585 851 646 sementes
873 583 1067 662 animosque

121 666 302 727 convertit.
326 663 411 725 Hinc
436 663 524 724 enirn
550 661 670 723 Christi
695 661 807 724 fideles
828 680 895 724 nou
916 664 1067 741 procula

121 745 336 808 Corinthiaco
351 745 426 805 sinu
441 744 545 804 vitam
560 747 592 803 et
608 742 806 818 sanguinem
821 760 881 821 pro
896 743 1067 820 religionis

125 826 308 904 patriaeque
323 825 552 886 incolumitate
566 821 705 884 fundere
720 824 840 901 parati,
864 823 993 885 hostem
1015 824 1066 885 in-

121 905 235 967 territi
256 904 532 985 opperiebantur3
565 901 658 963 illinc
690 902 833 964 inermes
864 904 918 982 pio
944 903 1068 983 suppli-

120 985 276 1046 cantium
291 985 439 1062 agmine,
457 983 596 1044 Mariam
611 982 848 1058 inclamabant,
872 984 1012 1045 Mariam
1026 1002 1067 1046 ex

125 1065 258 1128 Rosarii
272 1065 415 1126 formula
435 1065 563 1125 iteratis
587 1062 715 1124 vicibus
739 1064 1005 1136 consalutabant,
1029 1069 1067 1126 ut

121 1145 335 1207 certantibus
356 1143 487 1206 adesset
508 1143 550 1205 ad
570 1142 756 1204 victoriam.
775 1144 910 1206 Adstitit
930 1151 1066 1208 exorata

126 1227 288 1303 Domina;
312 1243 388 1287 nam
409 1224 583 1286 commisso
605 1222 648 1285 ad
670 1223 856 1285 Echinadas
872 1225 999 1286 insulas
1014 1244 1067 1286 ua·

123 1307 194 1368 vali
209 1307 337 1386 praelio,
354 1303 611 1368 christianorum
625 1303 748 1374 classis,
766 1305 838 1365 siue
853 1322 978 1383 magna
992 1323 1067 1366 suo-

122 1404 203 1448 rum
218 1385 324 1464 clade,
336 1384 419 1447 lusis
429 1384 589 1464 caesisque
600 1382 761 1464 hostibus,
779 1385 958 1461 magnifice
972 1385 1063 1447 vicit.

121 1468 235 1541 Quare
249 1465 337 1528 idem
351 1466 578 1528 sanctissimus
603 1463 753 1526 Pontifex
768 1464 802 1527 iu
818 1467 944 1546 accepti
965 1466 1065 1528 bene-

122 1546 195 1609 ficii
223 1547 439 1619 memoriam,
471 1543 736 1609 anniversarium
764 1545 848 1606 tanti
875 1545 1067 1608 certaminis

120 1626 216 1689 diem
230 1626 347 1689 honori
362 1626 474 1688 Mariae
488 1625 641 1686 Victricis
654 1625 777 1688 festum
801 1623 914 1686 haberi
936 1625 1063 1688 voluit:

122 1723 226 1788 quem
242 1707 424 1784 Gregorius
439 1705 521 1767 Xlll
536 1704 635 1766 titulo
652 1705 777 1767 Rosarii
792 1705 1010 1768 consecravit.
1040 1727 1043 1731 ·

165 1787 273 1849 Simili
288 1787 396 1864 modo,
413 1785 580 1865 superiore
594 1787 729 1860 saeculo,
745 1785 848 1846 semel
870 1784 912 1846 ad
933 1785 1065 1847 Temes-

122 1865 256 1929 variam
269 1868 303 1928 in
319 1867 501 1944 Pannonia,
529 1864 629 1927 semel
652 1865 695 1927 ad
718 1865 897 1945 Corcyram
922 1865 1065 1928 insulam

122 1946 248 2010 nobilis
262 1951 313 2010 est
328 1948 367 2010 de
380 1949 562 2009 Turcarum
582 1947 686 2025 copiis
709 1945 849 2007 victoria
874 1951 1063 2027 reportata:

122 2028 228 2108 idque
250 2027 354 2090 sacris
378 2028 511 2104 Magnae
536 2025 667 2103 Virgini
694 2025 820 2105 diebus,
846 2027 1066 2108 precibusque

123 2109 182 2188 pio
204 2107 333 2171 Rosarii
354 2108 423 2169 ritu
444 2109 520 2168 ante
540 2106 728 2185 persolutis.
752 2107 830 2182 Quae
851 2125 904 2169 res
918 2109 1066 2171 (ilemen-

125 2194 197 2250 tem
229 2189 276 2250 XI
308 2187 509 2250 decessorem
544 2188 701 2249 Nostrum
731 2187 872 2249 adduxit
902 2194 940 2249 ut
975 2189 1065 2268 grati

123 2268 232 2330 animi
253 2285 347 2348 ergo,
362 2269 543 2330 solemnem
558 2266 707 2347 Deiparae
721 2285 742 2328 a
755 2268 891 2330 Rosario
905 2269 1065 2331 honorem

121 2348 309 2429 quotannis
329 2346 516 2410 habendum
537 2349 610 2410 tota
631 2347 778 2409 Ecclesia
800 2347 992 2412 decreverit.

167 2429 280 2507 Igitur
299 2445 375 2490 cum
396 2445 492 2490 sacra
511 2427 584 2489 haec
605 2427 761 2507 precandi
781 2427 925 2491 formula
955 2431 1064 2490 tanto-

147 2525 204 2570 ere
226 2508 358 2586 Virgini
390 2513 491 2582 grata
521 2525 591 2570 esse
621 2507 852 2587 dignoscatur,
885 2525 988 2586 eaque
1024 2509 1066 2570 ad

122 2527 283 2650 iouente
303 2589 482 2670 populique
503 2587 675 2650 christiani
706 2587 931 2650 defensionem
963 2594 995 2650 et
1023 2589 1065 2650 ad

121 2668 240 2731 divina
271 2667 430 2732 beneficia
460 2669 591 2748 publice
612 2667 833 2748 privatimque
854 2667 1066 2747 impetranda

120 2749 276 2829 apprime
298 2748 463 2828 conferat3
494 2748 617 2812 mirum
647 2766 715 2810 non
746 2752 808 2826 est,
841 2747 970 2810 eximiis
992 2766 1066 2811 eam

121 2828 299 2908 praeooniis
336 2831 421 2906 alios
456 2847 586 2910 quoque
625 2827 810 2891 decessores
844 2829 983 2891 Nostros
1019 2829 1066 2891 ef-

120 2912 209 2971 terre
244 2913 343 2990 atque
378 2927 503 2987 augere
534 2908 712 2971 studuisse.
746 2909 799 2971 Sic
831 2908 986 2972 Urbanus
1020 2911 1065 2970 IV

118 2992 279 3064 quotidie
296 3007 361 3066 per
381 2995 569 3052 Rosortttm
600 2991 795 3052 christiano
820 2995 947 3068 populo
977 2995 1066 3054 bona

119 3075 310 3147 provenire
331 3070 471 3132 testatus
492 3074 552 3132 est.
574 3070 687 3131 sixtus
709 3071 754 3130 IV
776 3070 864 3132 huno
887 3070 1064 3135 orandiri-

119 3157 194 3212 tum
218 3155 263 3212 acl
284 3154 447 3212 bonorem
469 3155 531 3213 Det
553 3151 585 3212 et
617 3155 784 3227 Vtrptnta
818 3153 852 3213 et
883 3153 929 3212 cd
951 3155 1065 3212 imati-

119 3233 247 3293 nentia
258 3235 378 3292 mnndi
390 3235 548 3306 periculo
562 3235 800 3306 propulsanda
811 3234 1065 3309 opportunum

120 3312 187 3373 Leo
202 3312 233 3372 X
248 3313 415 3374 adversus
437 3314 693 3374 haeresiarches
707 3313 741 3374 et
755 3313 940 3388 pttscentes
956 3315 1065 3372 boere-

118 3407 176 3454 ses
208 3393 424 3470 institutum,
447 3394 481 3452 et
501 3391 614 3452 Julius
636 3391 681 3451 ΠΙ
711 3407 867 3454 romonae
898 3394 1066 3453 Ecclestoe

117 3474 279 3535 decorem
302 3471 468 3534 dixerunt.
492 3471 641 3551 Itemque
662 3471 701 3534 de
716 3487 754 3534 eo
768 3476 905 3534 sanctus
923 3469 1000 3532 Pius
1022 3470 1061 3547 V,
