2576 4180
508 267 627 328 -207
655 299 685 310 „

118 376 202 439 rimi
223 377 364 455 exempli
385 379 438 437 est
466 373 671 455 publicisque
706 373 853 437 moribus
882 373 1066 438 infensissi-

119 474 231 535 mum,
254 471 401 536 persaepe
422 455 591 518 malesano
613 454 719 517 amori
738 453 932 534 perniciosae
954 473 993 518 ac
1014 454 1067 517 fu·

120 541 230 600 nestae
249 535 467 599 discessiones
487 535 712 598 succederent.
737 536 815 597 Haec
835 551 915 596 sane
946 536 1068 597 misera

122 621 159 694 et
181 619 334 680 luctuosa
354 633 422 678 non
442 621 593 695 possunt,
617 615 827 678 venerabiles
848 616 992 689 Fratres,
1010 632 1065 677 ve·
1100 651 1103 658 ·

121 702 235 760 strum
255 699 362 759 zelum
384 712 451 758 non
471 695 616 758 excitare
645 712 685 757 ac
716 712 847 758 movere
878 694 921 756 ad
950 694 1065 756 fideles

120 776 315 856 vigilantia
335 776 460 838 Vestrae
480 776 685 838 concreditos
705 775 820 837 sedulo
840 775 1067 854 instanterque

122 857 321 936 monendos,
356 861 395 918 ut
415 855 539 918 dociles
570 873 667 918 aures
697 855 858 919 doctrinis
888 854 1068 918 adhibeant

123 955 202 1018 quae
222 936 393 1000 christiani
413 935 562 1015 conjugii
583 935 794 998 sanctitatem
816 934 1008 1014 respiciunt,
1027 951 1068 996 ac

122 1019 269 1098 pareant
290 1016 423 1096 legibus
444 1017 565 1095 quibus
584 1016 730 1078 Ecclesia
762 1017 947 1095 conjugum
974 1018 1068 1077 nato-

123 1114 269 1177 rumque
290 1095 399 1159 officia
420 1095 623 1158 moderatur.
964 1114 966 1120 ’
1113 1137 1116 1142 -

166 1177 250 1238 Turn
273 1193 351 1239 vero
371 1175 455 1238 illud
476 1177 718 1256 optatissimum
733 1177 963 1256 consequetur,
979 1175 1067 1257 quod

124 1257 343 1334 singulorum
364 1257 467 1319 etiam
486 1255 658 1318 hominum
680 1273 788 1318 mores
819 1262 853 1319 et
883 1256 961 1319 vitae
982 1255 1067 1317 ratio

123 1336 367 1399 reformentur:
389 1355 468 1399 nam
488 1337 593 1398 veluti
614 1354 655 1398 ex
677 1342 832 1417 corrupto
853 1337 963 1416 stipite
978 1336 1068 1399 dete·

122 1417 231 1480 riores
264 1417 350 1478 rami
381 1425 414 1479 et
443 1417 574 1478 fructus
603 1415 753 1478 infelices
783 1419 986 1496 germinant,
1020 1417 1067 1480 sic

122 1496 219 1559 mala
240 1496 340 1570 labes,
365 1514 438 1578 quae
459 1495 601 1559 familias
619 1496 790 1574 depravat,
807 1497 841 1558 in
856 1499 1067 1577 singulorum

123 1577 253 1640 civium
275 1595 397 1640 noxam
418 1580 451 1638 et
471 1576 592 1639 vitium
612 1575 702 1638 tristi
723 1579 924 1655 contagione
945 1577 1068 1640 redun-

124 1657 198 1720 dat.
221 1659 453 1736 commovero,
475 1655 655 1719 domestica
677 1655 833 1720 societate
855 1657 897 1719 ad
918 1658 1067 1719 christia-

122 1755 182 1799 nae
202 1737 281 1797 vitae
301 1735 443 1798 formam
465 1740 658 1816 composita,
682 1736 817 1814 singula
831 1737 981 1799 membra
995 1753 1067 1799 sen-

123 1818 192 1880 sim
213 1820 405 1878 assuescent
429 1816 627 1894 religionem
662 1818 883 1898 pietatemque
914 1817 1065 1894 diligere,

123 1916 145 1960 a
168 1895 262 1959 falsis
283 1896 543 1977 perniciosisque
564 1897 723 1959 doctrinis
742 1897 930 1974 abhorrere,
947 1897 1068 1960 sectari

124 1979 297 2055 virtutem,
320 1976 503 2055 maj0ribus
524 1977 669 2057 obsequi,
693 1982 794 2058 atque
829 1978 1070 2040 inexhaustum

123 2056 211 2120 illud
226 2057 362 2137 privatae
378 2057 551 2120 dumtaxat
565 2058 724 2120 utilitatis
739 2057 887 2120 studium
902 2075 1064 2137 coercere,

125 2137 218 2218 quod
243 2137 423 2200 humanam
455 2140 612 2200 naturam
644 2141 818 2217 tantopere
850 2137 1007 2217 deprimit
1029 2157 1069 2201 ac

124 2220 276 2279 enervat.
299 2218 338 2279 In
360 2217 458 2298 quem
479 2216 580 2279 finem
601 2236 668 2279 non
689 2235 807 2298 parum
829 2219 976 2298 profecto
991 2237 1069 2282 con·

124 2298 213 2360 feret
233 2297 306 2376 pias
327 2297 400 2360 illas
421 2299 681 2360 consociationes
703 2299 868 2361 moderari
890 2305 923 2361 et
951 2316 1068 2379 prove-

124 2378 218 2454 here,
242 2395 317 2457 quae
338 2394 463 2455 magno
484 2379 530 2439 rei
551 2378 723 2441 catholica
745 2379 831 2442 bono
854 2382 968 2441 nostra
999 2397 1068 2442 ma-

1 2481 4 2543 2
108 2458 216 2520 'xime
236 2457 301 2518 hac
321 2461 419 2519 aetate
441 2457 632 2521 constituta
653 2465 743 2521 sunt,

169 2536 317 2600 Grandia
337 2537 472 2617 quidem
493 2542 527 2600 et
546 2540 700 2601 humanis
715 2539 841 2618 majora
856 2538 982 2600 viribus
994 2538 1066 2600 haec

127 2621 218 2696 sunt,
242 2634 316 2697 quae
337 2635 393 2697 spe
414 2622 447 2680 et
467 2619 554 2681 votis
575 2618 705 2681 Nostris
725 2619 984 2697 complectimur,
1002 2619 1066 2681 Ve-

126 2697 294 2760 nerabiles
314 2697 463 2778 Fratres3
485 2699 543 2761 sed
564 2716 641 2760 cum
662 2700 750 2762 Deus
771 2697 937 2761 sanabiles
951 2696 1066 2760 fecerit

127 2779 280 2840 nationes
301 2778 388 2840 orbis
409 2781 584 2855 terrarum,
609 2796 686 2840 cum
709 2777 890 2841 Ecclesiam
911 2777 952 2839 ad
978 2779 1067 2840 salu-

126 2863 197 2922 tem
218 2858 374 2937 gentium
395 2858 585 2935 condiderit,
610 2858 706 2938 eique
728 2876 787 2922 suo
809 2876 843 2920 se
864 2858 989 2921 auxilio
1010 2858 1065 2922 ad·

124 2937 279 3000 futurum
312 2955 413 3018 usque
448 2941 490 3002 ad
511 2939 831 3002 consummationem
852 2939 965 3001 saeculi
987 2956 1064 3018 pro·

126 3019 269 3097 miserit,
283 3017 424 3080 firmiter
437 3019 645 3098 confidimus,
663 3019 935 3082 adlaborantibus
950 3020 1065 3098 Vobis,

125 3097 312 3161 humanum
334 3115 441 3175 genus
462 3104 512 3162 tot
538 3098 636 3162 malis
667 3103 701 3161 et
732 3098 980 3162 calamitatibus
1011 3100 1067 3162 ad-

124 3179 304 3252 monitum,
327 3181 461 3242 tandem
483 3180 519 3240 in
538 3177 696 3241 Ecclesiae
718 3179 885 3260 obsequio,
909 3181 943 3242 in
964 3179 1066 3260 hujus

124 3258 325 3340 Apostolicae
345 3259 515 3322 cathedrae
528 3259 697 3322 infallibili
707 3259 907 3338 'magisterio
922 3260 1066 3322 salutem

126 3343 161 3402 et
181 3339 437 3421 prosperitatem
459 3339 687 3482 quaestorum.

169 3421 310 3500 Interea,
334 3421 463 3482 Venere
486 3420 547 3482 iles
577 3420 721 3497 Fratres,
755 3424 934 3500 antequam
964 3417 1064 3480 finem

126 3499 293 3564 scribendi
312 3499 484 3580 faciamus,
508 3516 640 3563 necesse
661 3504 769 3563 estut
790 3501 891 3563 Vobis
919 3499 1062 3562 declare-
