<?xml version="1.0" encoding="UTF-8"?>
<!DOCTYPE html PUBLIC "-//W3C//DTD XHTML 1.0 Transitional//EN"
    "http://www.w3.org/TR/xhtml1/DTD/xhtml1-transitional.dtd">
<html xmlns="http://www.w3.org/1999/xhtml" xml:lang="en" lang="en">
 <head>
  <title>
</title>
<meta http-equiv="Content-Type" content="text/html;charset=utf-8" />
  <meta name='ocr-system' content='tesseract 3.04.00' />
  <meta name='ocr-capabilities' content='ocr_page ocr_carea ocr_par ocr_line ocrx_word'/>
</head>
<body>
  <div class='ocr_page' id='page_1' title='image "./epistolaeencycl00xiiigoog_0337.png"; bbox 0 0 2554 4182; ppageno 0'>
   <div class='ocr_carea' id='block_1_1' title="bbox 637 253 818 318">
    <p class='ocr_par' dir='ltr' id='par_1_1' title="bbox 637 253 818 318">
     <span class='ocr_line' id='line_1_1' title="bbox 637 253 818 318; baseline -0.022 0"><span class='ocrx_word' id='word_1_1' title='bbox 637 253 818 318; x_wconf 85' lang='lat'><strong>-330-</strong></span> 
     </span>
    </p>
   </div>
   <div class='ocr_carea' id='block_1_2' title="bbox 256 361 1267 2776">
    <p class='ocr_par' dir='ltr' id='par_1_2' title="bbox 256 361 1267 2518">
     <span class='ocr_line' id='line_1_2' title="bbox 259 361 1211 430; baseline -0.001 0"><span class='ocrx_word' id='word_1_2' title='bbox 259 371 373 430; x_wconf 86' lang='lat' dir='ltr'>suetas</span> <span class='ocrx_word' id='word_1_3' title='bbox 393 365 501 429; x_wconf 87' lang='lat' dir='ltr'>minas</span> <span class='ocrx_word' id='word_1_4' title='bbox 521 365 544 426; x_wconf 79' lang='lat'>¹:</span> <span class='ocrx_word' id='word_1_5' title='bbox 568 363 733 426; x_wconf 91' lang='lat' dir='ltr'>rationem</span> <span class='ocrx_word' id='word_1_6' title='bbox 755 361 795 425; x_wconf 91' lang='lat' dir='ltr'>de</span> <span class='ocrx_word' id='word_1_7' title='bbox 816 379 879 424; x_wconf 90' lang='lat' dir='ltr'>usu</span> <span class='ocrx_word' id='word_1_8' title='bbox 901 361 1112 426; x_wconf 84' lang='lat' dir='ltr'>fortunarum</span> <span class='ocrx_word' id='word_1_9' title='bbox 1136 363 1211 430; x_wconf 90' lang='lat' dir='ltr'>Deo</span> 
     </span>
     <span class='ocr_line' id='line_1_3' title="bbox 256 441 1211 528; baseline -0.001 -20"><span class='ocrx_word' id='word_1_10' title='bbox 256 446 361 528; x_wconf 87' lang='lat' dir='ltr'>judici</span> <span class='ocrx_word' id='word_1_11' title='bbox 383 445 589 510; x_wconf 88' lang='lat' dir='ltr'>severissime</span> <span class='ocrx_word' id='word_1_12' title='bbox 610 442 789 525; x_wconf 91' lang='lat' dir='ltr'>aliquando</span> <span class='ocrx_word' id='word_1_13' title='bbox 816 441 1028 505; x_wconf 86' lang='lat' dir='ltr'>reddendam.</span> <span class='ocrx_word' id='word_1_14' title='bbox 1052 444 1100 506; x_wconf 88' lang='lat' dir='ltr'>De</span> <span class='ocrx_word' id='word_1_15' title='bbox 1121 445 1211 524; x_wconf 86' lang='lat' dir='ltr'>ipsis</span> 
     </span>
     <span class='ocr_line' id='line_1_4' title="bbox 261 523 1210 607; baseline -0.001 -18"><span class='ocrx_word' id='word_1_16' title='bbox 261 527 377 607; x_wconf 88' lang='lat' dir='ltr'>opibus</span> <span class='ocrx_word' id='word_1_17' title='bbox 396 525 528 590; x_wconf 89' lang='lat' dir='ltr'>utendis</span> <span class='ocrx_word' id='word_1_18' title='bbox 549 526 714 588; x_wconf 83' lang='lat' dir='ltr'>excellens</span> <span class='ocrx_word' id='word_1_19' title='bbox 744 541 783 586; x_wconf 88' lang='lat' dir='ltr'>ac</span> <span class='ocrx_word' id='word_1_20' title='bbox 804 523 943 586; x_wconf 83' lang='lat' dir='ltr'>maximi</span> <span class='ocrx_word' id='word_1_21' title='bbox 964 525 1123 586; x_wconf 76' lang='lat' dir='ltr'><strong>momenti</strong></span> <span class='ocrx_word' id='word_1_22' title='bbox 1146 523 1210 589; x_wconf 92' lang='lat' dir='ltr'>do-</span> 
     </span>
     <span class='ocr_line' id='line_1_5' title="bbox 260 603 1209 686; baseline -0.002 -16"><span class='ocrx_word' id='word_1_23' title='bbox 260 608 368 670; x_wconf 88' lang='lat' dir='ltr'>ctrina</span> <span class='ocrx_word' id='word_1_24' title='bbox 387 612 447 686; x_wconf 89' lang='lat' dir='ltr'>est,</span> <span class='ocrx_word' id='word_1_25' title='bbox 465 623 565 686; x_wconf 85' lang='lat' dir='ltr'>quam</span> <span class='ocrx_word' id='word_1_26' title='bbox 586 605 613 667; x_wconf 90' lang='lat' dir='ltr'>si</span> <span class='ocrx_word' id='word_1_27' title='bbox 633 603 842 684; x_wconf 84' lang='lat' dir='ltr'>philosophia</span> <span class='ocrx_word' id='word_1_28' title='bbox 861 603 1064 681; x_wconf 78' lang='lat' dir='ltr'><strong>inchoatam,</strong></span> <span class='ocrx_word' id='word_1_29' title='bbox 1081 607 1118 670; x_wconf 87' lang='lat' dir='ltr'>at</span> <span class='ocrx_word' id='word_1_30' title='bbox 1139 605 1209 668; x_wconf 88' lang='lat' dir='ltr'>Ec-</span> 
     </span>
     <span class='ocr_line' id='line_1_6' title="bbox 259 681 1209 766; baseline -0.002 -16"><span class='ocrx_word' id='word_1_31' title='bbox 259 688 361 750; x_wconf 87' lang='lat' dir='ltr'>clesia</span> <span class='ocrx_word' id='word_1_32' title='bbox 387 685 523 750; x_wconf 79' lang='lat' dir='ltr'>tradidit</span> <span class='ocrx_word' id='word_1_33' title='bbox 553 685 734 766; x_wconf 82' lang='lat' dir='ltr'>perfectam</span> <span class='ocrx_word' id='word_1_34' title='bbox 763 684 873 764; x_wconf 82' lang='lat' dir='ltr'>plane,</span> <span class='ocrx_word' id='word_1_35' title='bbox 897 681 1078 766; x_wconf 87' lang='lat' dir='ltr'>eademque</span> <span class='ocrx_word' id='word_1_36' title='bbox 1100 684 1209 751; x_wconf 88' lang='lat' dir='ltr'>efficit</span> 
     </span>
     <span class='ocr_line' id='line_1_7' title="bbox 261 764 1206 846; baseline -0.003 -15"><span class='ocrx_word' id='word_1_37' title='bbox 261 773 299 831; x_wconf 92' lang='lat' dir='ltr'>ut</span> <span class='ocrx_word' id='word_1_38' title='bbox 319 785 387 831; x_wconf 89' lang='lat' dir='ltr'>non</span> <span class='ocrx_word' id='word_1_39' title='bbox 407 767 601 846; x_wconf 74' lang='lat' dir='ltr'>cognitione</span> <span class='ocrx_word' id='word_1_40' title='bbox 621 768 766 845; x_wconf 88' lang='lat' dir='ltr'>tantum,</span> <span class='ocrx_word' id='word_1_41' title='bbox 789 765 847 828; x_wconf 85' lang='lat' dir='ltr'>sed</span> <span class='ocrx_word' id='word_1_42' title='bbox 869 764 1016 828; x_wconf 88' lang='lat' dir='ltr'>moribus</span> <span class='ocrx_word' id='word_1_43' title='bbox 1036 769 1206 829; x_wconf 87' lang='lat' dir='ltr'>teneatur.</span> 
     </span>
     <span class='ocr_line' id='line_1_8' title="bbox 261 845 1202 930; baseline -0.002 -20"><span class='ocrx_word' id='word_1_44' title='bbox 261 849 364 930; x_wconf 81' lang='lat' dir='ltr'>Cujus</span> <span class='ocrx_word' id='word_1_45' title='bbox 385 846 543 912; x_wconf 86' lang='lat' dir='ltr'>doctrinae</span> <span class='ocrx_word' id='word_1_46' title='bbox 573 847 609 909; x_wconf 94' lang='lat' dir='ltr'>in</span> <span class='ocrx_word' id='word_1_47' title='bbox 630 863 669 911; x_wconf 87' lang='lat' dir='ltr'>eo</span> <span class='ocrx_word' id='word_1_48' title='bbox 688 848 739 908; x_wconf 86' lang='lat' dir='ltr'>est</span> <span class='ocrx_word' id='word_1_49' title='bbox 762 845 1019 908; x_wconf 85' lang='lat' dir='ltr'>fundamentum</span> <span class='ocrx_word' id='word_1_50' title='bbox 1037 847 1202 926; x_wconf 86' lang='lat' dir='ltr'>positum,</span> 
     </span>
     <span class='ocr_line' id='line_1_9' title="bbox 260 925 1206 1009; baseline -0.001 -18"><span class='ocrx_word' id='word_1_51' title='bbox 260 929 347 1009; x_wconf 90' lang='lat' dir='ltr'>quod</span> <span class='ocrx_word' id='word_1_52' title='bbox 367 927 460 1008; x_wconf 85' lang='lat' dir='ltr'>justa</span> <span class='ocrx_word' id='word_1_53' title='bbox 479 928 641 1008; x_wconf 78' lang='lat' dir='ltr'>possessio</span> <span class='ocrx_word' id='word_1_54' title='bbox 656 927 872 1007; x_wconf 79' lang='lat' dir='ltr'>pecuniarum</span> <span class='ocrx_word' id='word_1_55' title='bbox 895 944 914 988; x_wconf 89' lang='lat' dir='ltr'>a</span> <span class='ocrx_word' id='word_1_56' title='bbox 933 925 1027 1005; x_wconf 79' lang='lat' dir='ltr'>J&#39;usto</span> <span class='ocrx_word' id='word_1_57' title='bbox 1041 927 1206 1007; x_wconf 90' lang='lat' dir='ltr'>pecunia-</span> 
     </span>
     <span class='ocr_line' id='line_1_10' title="bbox 261 1005 1205 1148; baseline -0.001 -78"><span class='ocrx_word' id='word_1_58' title='bbox 261 1027 336 1074; x_wconf 86' lang='lat' dir='ltr'>rum</span> <span class='ocrx_word' id='word_1_59' title='bbox 363 1027 427 1072; x_wconf 86' lang='lat' dir='ltr'>usu</span> <span class='ocrx_word' id='word_1_60' title='bbox 458 1008 690 1085; x_wconf 77' lang='lat' dir='ltr'>distinguitur.</span> <span class='ocrx_word' id='word_1_61' title='bbox 715 1008 805 1069; x_wconf 88' lang='lat' dir='ltr'>Bona</span> <span class='ocrx_word' id='word_1_62' title='bbox 836 1005 994 1148; x_wconf 48' lang='lat' dir='ltr'>privazm</span> <span class='ocrx_word' id='word_1_63' title='bbox 1019 1007 1205 1087; x_wconf 86' lang='lat' dir='ltr'>possidere,</span> 
     </span>
     <span class='ocr_line' id='line_1_11' title="bbox 261 1087 1207 1170; baseline -0.003 -17"><span class='ocrx_word' id='word_1_64' title='bbox 261 1090 348 1170; x_wconf 90' lang='lat' dir='ltr'>quod</span> <span class='ocrx_word' id='word_1_65' title='bbox 370 1090 483 1170; x_wconf 93' lang='lat' dir='ltr'>paullo</span> <span class='ocrx_word' id='word_1_66' title='bbox 504 1091 581 1151; x_wconf 88' lang='lat' dir='ltr'>ante</span> <span class='ocrx_word' id='word_1_67' title='bbox 602 1087 759 1165; x_wconf 87' lang='lat' dir='ltr'>vidimus,</span> <span class='ocrx_word' id='word_1_68' title='bbox 778 1087 835 1165; x_wconf 88' lang='lat' dir='ltr'>jus</span> <span class='ocrx_word' id='word_1_69' title='bbox 865 1090 914 1148; x_wconf 89' lang='lat' dir='ltr'>est</span> <span class='ocrx_word' id='word_1_70' title='bbox 968 1087 1071 1149; x_wconf 91' lang='lat' dir='ltr'>omini</span> <span class='ocrx_word' id='word_1_71' title='bbox 1103 1091 1207 1150; x_wconf 87' lang='lat' dir='ltr'>natu-</span> 
     </span>
     <span class='ocr_line' id='line_1_12' title="bbox 261 1166 1204 1250; baseline 0 -20"><span class='ocrx_word' id='word_1_72' title='bbox 261 1171 350 1234; x_wconf 86' lang='lat' dir='ltr'>rale:</span> <span class='ocrx_word' id='word_1_73' title='bbox 382 1187 485 1250; x_wconf 90' lang='lat' dir='ltr'>eoque</span> <span class='ocrx_word' id='word_1_74' title='bbox 515 1169 566 1230; x_wconf 94' lang='lat' dir='ltr'>uti</span> <span class='ocrx_word' id='word_1_75' title='bbox 593 1169 682 1247; x_wconf 86' lang='lat' dir='ltr'>jure,</span> <span class='ocrx_word' id='word_1_76' title='bbox 703 1167 848 1230; x_wconf 82' lang='lat' dir='ltr'>maxime</span> <span class='ocrx_word' id='word_1_77' title='bbox 875 1167 911 1228; x_wconf 92' lang='lat' dir='ltr'>in</span> <span class='ocrx_word' id='word_1_78' title='bbox 932 1166 1088 1230; x_wconf 83' lang='lat' dir='ltr'>societate</span> <span class='ocrx_word' id='word_1_79' title='bbox 1108 1167 1204 1247; x_wconf 82' lang='lat' dir='ltr'>vitae,</span> 
     </span>
     <span class='ocr_line' id='line_1_13' title="bbox 261 1248 1205 1328; baseline -0.002 -16"><span class='ocrx_word' id='word_1_80' title='bbox 261 1267 327 1312; x_wconf 90' lang='lat' dir='ltr'>non</span> <span class='ocrx_word' id='word_1_81' title='bbox 349 1251 400 1312; x_wconf 86' lang='lat' dir='ltr'>fas</span> <span class='ocrx_word' id='word_1_82' title='bbox 422 1249 518 1311; x_wconf 92' lang='lat' dir='ltr'>modo</span> <span class='ocrx_word' id='word_1_83' title='bbox 534 1253 595 1327; x_wconf 89' lang='lat' dir='ltr'>est,</span> <span class='ocrx_word' id='word_1_84' title='bbox 610 1248 667 1310; x_wconf 87' lang='lat' dir='ltr'>sed</span> <span class='ocrx_word' id='word_1_85' title='bbox 681 1248 779 1328; x_wconf 90' lang='lat' dir='ltr'>plane</span> <span class='ocrx_word' id='word_1_86' title='bbox 793 1249 1027 1310; x_wconf 86' lang='lat' dir='ltr'>necessarium.</span> <span class='ocrx_word' id='word_1_87' title='bbox 1046 1249 1205 1312; x_wconf 82' lang='lat' dir='ltr'>Licttum</span> 
     </span>
     <span class='ocr_line' id='line_1_14' title="bbox 261 1329 1267 1408; baseline -0.002 -15"><span class='ocrx_word' id='word_1_88' title='bbox 261 1331 324 1408; x_wconf 82' lang='lat' dir='ltr'>est,</span> <span class='ocrx_word' id='word_1_89' title='bbox 348 1333 437 1404; x_wconf 79' lang='lat' dir='ltr'>quod</span> <span class='ocrx_word' id='word_1_90' title='bbox 457 1335 555 1392; x_wconf 80' lang='lat' dir='ltr'>homo</span> <span class='ocrx_word' id='word_1_91' title='bbox 577 1333 724 1406; x_wconf 76' lang='lat' dir='ltr'>proprio</span> <span class='ocrx_word' id='word_1_92' title='bbox 742 1330 930 1404; x_wconf 74' lang='lat' dir='ltr'>possideat.</span> <span class='ocrx_word' id='word_1_93' title='bbox 953 1329 1000 1391; x_wconf 80' lang='lat' dir='ltr'>ut</span> <span class='ocrx_word' id='word_1_94' title='bbox 1021 1330 1073 1390; x_wconf 81' lang='lat' dir='ltr'>est</span> <span class='ocrx_word' id='word_1_95' title='bbox 1094 1330 1207 1391; x_wconf 82' lang='lat' dir='ltr'>etiam</span> <span class='ocrx_word' id='word_1_96' title='bbox 1266 1343 1267 1346; x_wconf 71' lang='grc'>’</span> 
     </span>
     <span class='ocr_line' id='line_1_15' title="bbox 261 1408 1267 1492; baseline -0.003 -19"><span class='ocrx_word' id='word_1_97' title='bbox 261 1414 501 1473; x_wconf 75' lang='lat' dir='ltr'>accessorium</span> <span class='ocrx_word' id='word_1_98' title='bbox 531 1414 576 1472; x_wconf 85' lang='lat' dir='ltr'>od</span> <span class='ocrx_word' id='word_1_99' title='bbox 607 1413 796 1472; x_wconf 79' lang='lat' dir='ltr'>humanam</span> <span class='ocrx_word' id='word_1_100' title='bbox 826 1408 938 1470; x_wconf 84' lang='lat' dir='ltr'>ettam</span> <span class='ocrx_word' id='word_1_101' title='bbox 958 1409 982 1472; x_wconf 76' lang='lat'>2.</span> <span class='ocrx_word' id='word_1_102' title='bbox 1007 1409 1049 1470; x_wconf 89' lang='grc' dir='ltr'>Α1</span> <span class='ocrx_word' id='word_1_103' title='bbox 1070 1425 1150 1472; x_wconf 88' lang='lat' dir='ltr'>vero</span> <span class='ocrx_word' id='word_1_104' title='bbox 1175 1411 1207 1471; x_wconf 90' lang='lat' dir='ltr'>si</span> <span class='ocrx_word' id='word_1_105' title='bbox 1266 1437 1267 1492; x_wconf 65' lang='lat'><em>3</em></span> 
     </span>
     <span class='ocr_line' id='line_1_16' title="bbox 262 1488 1208 1572; baseline 0.001 -21"><span class='ocrx_word' id='word_1_106' title='bbox 262 1490 346 1553; x_wconf 91' lang='lat' dir='ltr'>illud</span> <span class='ocrx_word' id='word_1_107' title='bbox 367 1494 545 1572; x_wconf 68' lang='lat' dir='ltr'>quaeratur,</span> <span class='ocrx_word' id='word_1_108' title='bbox 570 1490 702 1570; x_wconf 89' lang='lat' dir='ltr'>qualem</span> <span class='ocrx_word' id='word_1_109' title='bbox 733 1505 804 1552; x_wconf 87' lang='lat' dir='ltr'>esse</span> <span class='ocrx_word' id='word_1_110' title='bbox 834 1505 934 1551; x_wconf 84' lang='lat' dir='ltr'>usum</span> <span class='ocrx_word' id='word_1_111' title='bbox 959 1488 1124 1551; x_wconf 90' lang='lat' dir='ltr'>bonorum</span> <span class='ocrx_word' id='word_1_112' title='bbox 1146 1506 1208 1552; x_wconf 90' lang='lat' dir='ltr'>ne-</span> 
     </span>
     <span class='ocr_line' id='line_1_17' title="bbox 261 1567 1207 1652; baseline 0 -19"><span class='ocrx_word' id='word_1_113' title='bbox 261 1587 351 1634; x_wconf 87' lang='lat' dir='ltr'>casse</span> <span class='ocrx_word' id='word_1_114' title='bbox 371 1569 597 1652; x_wconf 17' lang='lat' dir='ltr'>sit-Ecclesia</span> <span class='ocrx_word' id='word_1_115' title='bbox 627 1569 761 1650; x_wconf 88' lang='lat' dir='ltr'>quidem</span> <span class='ocrx_word' id='word_1_116' title='bbox 790 1569 862 1632; x_wconf 86' lang='lat' dir='ltr'>sine</span> <span class='ocrx_word' id='word_1_117' title='bbox 893 1568 964 1632; x_wconf 88' lang='lat' dir='ltr'>ulla</span> <span class='ocrx_word' id='word_1_118' title='bbox 994 1567 1207 1633; x_wconf 83' lang='lat' dir='ltr'>dubitatione</span> 
     </span>
     <span class='ocr_line' id='line_1_18' title="bbox 262 1651 1205 1732; baseline 0.001 -19"><span class='ocrx_word' id='word_1_119' title='bbox 262 1651 459 1732; x_wconf 84' lang='lat' dir='ltr'>respondet:</span> <span class='ocrx_word' id='word_1_120' title='bbox 495 1653 670 1720; x_wconf 75' lang='lat' dir='ltr'>ouantem</span> <span class='ocrx_word' id='word_1_121' title='bbox 699 1652 744 1712; x_wconf 86' lang='lat' dir='ltr'>od</span> <span class='ocrx_word' id='word_1_122' title='bbox 775 1654 848 1730; x_wconf 82' lang='lat' dir='ltr'>hoe,</span> <span class='ocrx_word' id='word_1_123' title='bbox 872 1665 943 1712; x_wconf 81' lang='lat' dir='ltr'>aon</span> <span class='ocrx_word' id='word_1_124' title='bbox 974 1651 1070 1714; x_wconf 84' lang='lat' dir='ltr'>dehet</span> <span class='ocrx_word' id='word_1_125' title='bbox 1103 1655 1205 1714; x_wconf 85' lang='lat' dir='ltr'>homo</span> 
     </span>
     <span class='ocr_line' id='line_1_19' title="bbox 262 1731 1206 1808; baseline -0.002 -14"><span class='ocrx_word' id='word_1_126' title='bbox 262 1735 464 1796; x_wconf 69' lang='lat' dir='ltr'>adhereret</span> <span class='ocrx_word' id='word_1_127' title='bbox 485 1733 680 1795; x_wconf 73' lang='lat' dir='ltr'>eaterrores</span> <span class='ocrx_word' id='word_1_128' title='bbox 701 1731 741 1792; x_wconf 83' lang='lat' dir='ltr'>ut</span> <span class='ocrx_word' id='word_1_129' title='bbox 760 1735 945 1808; x_wconf 77' lang='lat' dir='ltr'>proprior,</span> <span class='ocrx_word' id='word_1_130' title='bbox 969 1733 1028 1794; x_wconf 86' lang='lat' dir='ltr'>sed</span> <span class='ocrx_word' id='word_1_131' title='bbox 1052 1731 1091 1795; x_wconf 80' lang='lat' dir='ltr'>ut</span> <span class='ocrx_word' id='word_1_132' title='bbox 1114 1745 1206 1796; x_wconf 86' lang='lat' dir='ltr'>com-</span> 
     </span>
     <span class='ocr_line' id='line_1_20' title="bbox 261 1813 1205 1891; baseline -0.003 -16"><span class='ocrx_word' id='word_1_133' title='bbox 261 1829 394 1891; x_wconf 72' lang='lat' dir='ltr'>moneo,</span> <span class='ocrx_word' id='word_1_134' title='bbox 417 1814 457 1874; x_wconf 84' lang='grc'>111</span> <span class='ocrx_word' id='word_1_135' title='bbox 478 1813 610 1874; x_wconf 80' lang='lat' dir='ltr'>scilieet</span> <span class='ocrx_word' id='word_1_136' title='bbox 631 1813 672 1874; x_wconf 87' lang='lat' dir='ltr'>de</span> <span class='ocrx_word' id='word_1_137' title='bbox 694 1813 795 1885; x_wconf 75' lang='lat' dir='ltr'>focile·</span> <span class='ocrx_word' id='word_1_138' title='bbox 816 1814 946 1885; x_wconf 77' lang='lat' dir='ltr'>allodis</span> <span class='ocrx_word' id='word_1_139' title='bbox 970 1826 1029 1874; x_wconf 81' lang='lat' dir='ltr'>ees</span> <span class='ocrx_word' id='word_1_140' title='bbox 1050 1826 1205 1877; x_wconf 86' lang='lat' dir='ltr'>commu·</span> 
     </span>
     <span class='ocr_line' id='line_1_21' title="bbox 262 1892 1204 1968; baseline 0 -14"><span class='ocrx_word' id='word_1_141' title='bbox 262 1895 356 1955; x_wconf 76' lang='lat' dir='ltr'>nicet</span> <span class='ocrx_word' id='word_1_142' title='bbox 387 1897 426 1956; x_wconf 81' lang='lat' dir='ltr'>ia</span> <span class='ocrx_word' id='word_1_143' title='bbox 457 1892 664 1955; x_wconf 77' lang='lat' dir='ltr'>necessitate</span> <span class='ocrx_word' id='word_1_144' title='bbox 691 1892 853 1954; x_wconf 77' lang='lat' dir='ltr'>otiorum.</span> <span class='ocrx_word' id='word_1_145' title='bbox 893 1894 984 1955; x_wconf 80' lang='lat' dir='ltr'>Unde</span> <span class='ocrx_word' id='word_1_146' title='bbox 1015 1893 1204 1968; x_wconf 80' lang='lat' dir='ltr'>Apostolus</span> 
     </span>
     <span class='ocr_line' id='line_1_22' title="bbox 262 1974 1205 2048; baseline 0 -13"><span class='ocrx_word' id='word_1_147' title='bbox 262 1975 370 2035; x_wconf 79' lang='lat' dir='ltr'>dicti:</span> <span class='ocrx_word' id='word_1_148' title='bbox 393 1974 559 2034; x_wconf 77' lang='lat' dir='ltr'>divititas</span> <span class='ocrx_word' id='word_1_149' title='bbox 580 1976 687 2046; x_wconf 71' lang='grc'><strong>11111113</strong></span> <span class='ocrx_word' id='word_1_150' title='bbox 708 1975 829 2035; x_wconf 72' lang='lat' dir='ltr'>saecoli</span> <span class='ocrx_word' id='word_1_151' title='bbox 848 1976 1021 2048; x_wconf 75' lang='lat' dir='ltr'>praectpe.</span> <span class='ocrx_word' id='word_1_152' title='bbox 1038 2018 1068 2034; x_wconf 92' lang='lat'>..</span> <span class='ocrx_word' id='word_1_153' title='bbox 1096 1974 1205 2045; x_wconf 81' lang='lat' dir='ltr'>facite</span> 
     </span>
     <span class='ocr_line' id='line_1_23' title="bbox 265 2051 1205 2133; baseline -0.001 -19"><span class='ocrx_word' id='word_1_154' title='bbox 265 2054 439 2131; x_wconf 77' lang='lat' dir='ltr'>tribuere,</span> <span class='ocrx_word' id='word_1_155' title='bbox 462 2058 717 2116; x_wconf 77' lang='lat' dir='ltr'>communicare</span> <span class='ocrx_word' id='word_1_156' title='bbox 741 2052 765 2115; x_wconf 79' lang='lat'>³.</span> <span class='ocrx_word' id='word_1_157' title='bbox 789 2052 894 2115; x_wconf 89' lang='lat' dir='ltr'>Nemo</span> <span class='ocrx_word' id='word_1_158' title='bbox 924 2055 1013 2116; x_wconf 87' lang='lat' dir='ltr'>certe</span> <span class='ocrx_word' id='word_1_159' title='bbox 1043 2051 1205 2133; x_wconf 87' lang='lat' dir='ltr'>opitulari</span> 
     </span>
     <span class='ocr_line' id='line_1_24' title="bbox 263 2130 1206 2213; baseline 0.001 -19"><span class='ocrx_word' id='word_1_160' title='bbox 263 2133 338 2194; x_wconf 85' lang='lat' dir='ltr'>aliis</span> <span class='ocrx_word' id='word_1_161' title='bbox 359 2131 400 2194; x_wconf 91' lang='lat' dir='ltr'>de</span> <span class='ocrx_word' id='word_1_162' title='bbox 421 2149 459 2195; x_wconf 90' lang='lat' dir='ltr'>eo</span> <span class='ocrx_word' id='word_1_163' title='bbox 475 2131 627 2211; x_wconf 83' lang='lat' dir='ltr'>jubetur,</span> <span class='ocrx_word' id='word_1_164' title='bbox 649 2130 738 2213; x_wconf 86' lang='lat' dir='ltr'>quod</span> <span class='ocrx_word' id='word_1_165' title='bbox 769 2130 812 2194; x_wconf 86' lang='lat' dir='ltr'>ad</span> <span class='ocrx_word' id='word_1_166' title='bbox 833 2147 913 2195; x_wconf 86' lang='lat' dir='ltr'>usus</span> <span class='ocrx_word' id='word_1_167' title='bbox 942 2130 1106 2212; x_wconf 86' lang='lat' dir='ltr'>pertineat</span> <span class='ocrx_word' id='word_1_168' title='bbox 1126 2149 1206 2195; x_wconf 89' lang='lat' dir='ltr'>cum</span> 
     </span>
     <span class='ocr_line' id='line_1_25' title="bbox 262 2211 1205 2283; baseline 0.001 -9"><span class='ocrx_word' id='word_1_169' title='bbox 262 2229 341 2274; x_wconf 84' lang='lat' dir='ltr'>suos</span> <span class='ocrx_word' id='word_1_170' title='bbox 361 2217 434 2274; x_wconf 92' lang='lat' dir='ltr'>tum</span> <span class='ocrx_word' id='word_1_171' title='bbox 455 2229 590 2275; x_wconf 89' lang='lat' dir='ltr'>suorum</span> <span class='ocrx_word' id='word_1_172' title='bbox 611 2211 837 2283; x_wconf 85' lang='lat' dir='ltr'>necessarios:</span> <span class='ocrx_word' id='word_1_173' title='bbox 859 2212 963 2276; x_wconf 92' lang='lat' dir='ltr'>immo</span> <span class='ocrx_word' id='word_1_174' title='bbox 991 2228 1051 2275; x_wconf 91' lang='lat' dir='ltr'>nec</span> <span class='ocrx_word' id='word_1_175' title='bbox 1071 2211 1205 2276; x_wconf 88' lang='lat' dir='ltr'>tradere</span> 
     </span>
     <span class='ocr_line' id='line_1_26' title="bbox 262 2291 1203 2374; baseline 0.001 -20"><span class='ocrx_word' id='word_1_176' title='bbox 262 2291 423 2374; x_wconf 86' lang='lat' dir='ltr'>aliisquo</span> <span class='ocrx_word' id='word_1_177' title='bbox 444 2291 512 2372; x_wconf 90' lang='lat' dir='ltr'>ipse</span> <span class='ocrx_word' id='word_1_178' title='bbox 533 2297 633 2371; x_wconf 88' lang='lat' dir='ltr'>egeat</span> <span class='ocrx_word' id='word_1_179' title='bbox 654 2293 695 2356; x_wconf 93' lang='lat' dir='ltr'>ad</span> <span class='ocrx_word' id='word_1_180' title='bbox 716 2292 751 2356; x_wconf 95' lang='lat' dir='ltr'>id</span> <span class='ocrx_word' id='word_1_181' title='bbox 772 2292 973 2356; x_wconf 87' lang='lat' dir='ltr'>servandum</span> <span class='ocrx_word' id='word_1_182' title='bbox 1004 2293 1093 2374; x_wconf 90' lang='lat' dir='ltr'>quod</span> <span class='ocrx_word' id='word_1_183' title='bbox 1123 2309 1203 2373; x_wconf 89' lang='lat' dir='ltr'>per·</span> 
     </span>
     <span class='ocr_line' id='line_1_27' title="bbox 262 2372 1205 2454; baseline 0.002 -20"><span class='ocrx_word' id='word_1_184' title='bbox 262 2389 352 2435; x_wconf 85' lang='lat' dir='ltr'>sonae</span> <span class='ocrx_word' id='word_1_185' title='bbox 378 2373 579 2453; x_wconf 82' lang='lat' dir='ltr'>conveniat,</span> <span class='ocrx_word' id='word_1_186' title='bbox 608 2372 761 2454; x_wconf 89' lang='lat' dir='ltr'>quodque</span> <span class='ocrx_word' id='word_1_187' title='bbox 791 2372 928 2436; x_wconf 84' lang='lat' dir='ltr'>deceat:</span> <span class='ocrx_word' id='word_1_188' title='bbox 957 2379 1076 2438; x_wconf 78' lang='lat' dir='ltr'>cultus</span> <span class='ocrx_word' id='word_1_189' title='bbox 1107 2378 1205 2438; x_wconf 73' lang='lat' dir='ltr'>earm</span> 
     </span>
     <span class='ocr_line' id='line_1_28' title="bbox 263 2455 848 2518; baseline 0 -2"><span class='ocrx_word' id='word_1_190' title='bbox 263 2455 550 2518; x_wconf 76' lang='lat' dir='ltr'>inconvenienter</span> <span class='ocrx_word' id='word_1_191' title='bbox 570 2457 688 2518; x_wconf 78' lang='lat' dir='ltr'>vivere</span> <span class='ocrx_word' id='word_1_192' title='bbox 708 2455 802 2517; x_wconf 79' lang='lat' dir='ltr'>dedet</span> <span class='ocrx_word' id='word_1_193' title='bbox 824 2455 848 2516; x_wconf 74' lang='lat'>4.</span> 
     </span>
    </p>

    <p class='ocr_par' dir='ltr' id='par_1_3' title="bbox 262 2532 1266 2776">
     <span class='ocr_line' id='line_1_29' title="bbox 302 2532 1266 2607; baseline -0.001 -11"><span class='ocrx_word' id='word_1_194' title='bbox 302 2533 366 2598; x_wconf 83' lang='lat' dir='ltr'>Sed</span> <span class='ocrx_word' id='word_1_195' title='bbox 387 2534 443 2597; x_wconf 89' lang='lat' dir='ltr'>ubl</span> <span class='ocrx_word' id='word_1_196' title='bbox 465 2533 654 2597; x_wconf 80' lang='lat' dir='ltr'>necessitati</span> <span class='ocrx_word' id='word_1_197' title='bbox 675 2533 758 2597; x_wconf 86' lang='lat' dir='ltr'>satis</span> <span class='ocrx_word' id='word_1_198' title='bbox 782 2539 815 2596; x_wconf 92' lang='lat' dir='ltr'>et</span> <span class='ocrx_word' id='word_1_199' title='bbox 838 2533 956 2597; x_wconf 84' lang='lat' dir='ltr'>decoro</span> <span class='ocrx_word' id='word_1_200' title='bbox 978 2533 1104 2607; x_wconf 82' lang='lat' dir='ltr'>datum,</span> <span class='ocrx_word' id='word_1_201' title='bbox 1127 2532 1204 2596; x_wconf 88' lang='lat' dir='ltr'>offi·</span> <span class='ocrx_word' id='word_1_202' title='bbox 1265 2549 1266 2554; x_wconf 70' lang='grc'>’</span> 
     </span>
     <span class='ocr_line' id='line_1_30' title="bbox 262 2612 1266 2695; baseline -0.001 -19"><span class='ocrx_word' id='word_1_203' title='bbox 262 2615 351 2678; x_wconf 90' lang='lat' dir='ltr'>cium</span> <span class='ocrx_word' id='word_1_204' title='bbox 365 2620 415 2678; x_wconf 90' lang='lat' dir='ltr'>est</span> <span class='ocrx_word' id='word_1_205' title='bbox 436 2615 528 2678; x_wconf 85' lang='lat' dir='ltr'>daeo</span> <span class='ocrx_word' id='word_1_206' title='bbox 549 2613 637 2694; x_wconf 85' lang='lat' dir='ltr'>quod</span> <span class='ocrx_word' id='word_1_207' title='bbox 658 2617 794 2695; x_wconf 89' lang='lat' dir='ltr'>superat</span> <span class='ocrx_word' id='word_1_208' title='bbox 814 2612 1000 2694; x_wconf 80' lang='lat' dir='ltr'>gratificari</span> <span class='ocrx_word' id='word_1_209' title='bbox 1021 2613 1206 2693; x_wconf 84' lang='lat' dir='ltr'>indigenti·</span> <span class='ocrx_word' id='word_1_210' title='bbox 1265 2633 1266 2690; x_wconf 77' lang='lat'>3</span> 
     </span>
     <span class='ocr_line' id='line_1_31' title="bbox 263 2694 1266 2776; baseline 0 -18"><span class='ocrx_word' id='word_1_211' title='bbox 263 2696 336 2760; x_wconf 90' lang='lat' dir='ltr'>bus.</span> <span class='ocrx_word' id='word_1_212' title='bbox 356 2699 448 2766; x_wconf 81' lang='lat' dir='ltr'>Quod</span> <span class='ocrx_word' id='word_1_213' title='bbox 469 2697 638 2774; x_wconf 74' lang='lat' dir='ltr'>superest,</span> <span class='ocrx_word' id='word_1_214' title='bbox 654 2698 734 2758; x_wconf 85' lang='lat' dir='ltr'>date</span> <span class='ocrx_word' id='word_1_215' title='bbox 755 2697 1006 2770; x_wconf 71' lang='lat' dir='ltr'>eleemosynam</span> <span class='ocrx_word' id='word_1_216' title='bbox 1019 2695 1042 2757; x_wconf 83' lang='lat'>⁵.</span> <span class='ocrx_word' id='word_1_217' title='bbox 1059 2694 1135 2758; x_wconf 82' lang='lat' dir='ltr'>Non</span> <span class='ocrx_word' id='word_1_218' title='bbox 1145 2695 1203 2776; x_wconf 83' lang='lat' dir='ltr'>jn·</span> <span class='ocrx_word' id='word_1_219' title='bbox 1265 2699 1266 2704; x_wconf 77' lang='grc'>’</span> 
     </span>
    </p>
   </div>
   <div class='ocr_carea' id='block_1_3' title="bbox 251 2773 1208 3338">
    <p class='ocr_par' dir='ltr' id='par_1_4' title="bbox 262 2773 1205 3076">
     <span class='ocr_line' id='line_1_32' title="bbox 262 2773 1202 2870; baseline -0.001 -32"><span class='ocrx_word' id='word_1_220' title='bbox 262 2775 372 2856; x_wconf 74' lang='lat' dir='ltr'>stitia,</span> <span class='ocrx_word' id='word_1_221' title='bbox 390 2780 526 2870; x_wconf 84' lang='lat' dir='ltr'>excepto</span> <span class='ocrx_word' id='word_1_222' title='bbox 547 2773 582 2836; x_wconf 93' lang='lat' dir='ltr'>in</span> <span class='ocrx_word' id='word_1_223' title='bbox 603 2775 703 2838; x_wconf 88' lang='lat' dir='ltr'>rebus</span> <span class='ocrx_word' id='word_1_224' title='bbox 724 2774 892 2853; x_wconf 82' lang='lat' dir='ltr'>extremis,</span> <span class='ocrx_word' id='word_1_225' title='bbox 909 2774 1017 2838; x_wconf 87' lang='lat' dir='ltr'>officia</span> <span class='ocrx_word' id='word_1_226' title='bbox 1030 2775 1095 2838; x_wconf 87' lang='lat' dir='ltr'>ista</span> <span class='ocrx_word' id='word_1_227' title='bbox 1110 2781 1202 2852; x_wconf 82' lang='lat' dir='ltr'>sunt,</span> 
     </span>
     <span class='ocr_line' id='line_1_33' title="bbox 262 2854 1205 2936; baseline -0.003 -16"><span class='ocrx_word' id='word_1_228' title='bbox 262 2857 319 2920; x_wconf 87' lang='lat' dir='ltr'>sed</span> <span class='ocrx_word' id='word_1_229' title='bbox 351 2858 500 2919; x_wconf 78' lang='lat' dir='ltr'>caritatis</span> <span class='ocrx_word' id='word_1_230' title='bbox 530 2854 731 2932; x_wconf 72' lang='lat' dir='ltr'>christiane,</span> <span class='ocrx_word' id='word_1_231' title='bbox 760 2873 860 2936; x_wconf 86' lang='lat' dir='ltr'>quam</span> <span class='ocrx_word' id='word_1_232' title='bbox 887 2854 1036 2935; x_wconf 89' lang='lat' dir='ltr'>profecto</span> <span class='ocrx_word' id='word_1_233' title='bbox 1063 2856 1142 2932; x_wconf 81' lang='lat' dir='ltr'>lege</span> <span class='ocrx_word' id='word_1_234' title='bbox 1168 2873 1205 2917; x_wconf 87' lang='lat' dir='ltr'>a·</span> 
     </span>
     <span class='ocr_line' id='line_1_34' title="bbox 262 2933 1205 3076; baseline 0 -78"><span class='ocrx_word' id='word_1_235' title='bbox 262 2936 373 3076; x_wconf 58' lang='lat' dir='ltr'>fiendo</span> <span class='ocrx_word' id='word_1_236' title='bbox 395 2942 506 3017; x_wconf 88' lang='lat' dir='ltr'>petere</span> <span class='ocrx_word' id='word_1_237' title='bbox 525 2934 580 3016; x_wconf 87' lang='lat' dir='ltr'>jus</span> <span class='ocrx_word' id='word_1_238' title='bbox 602 2953 666 2998; x_wconf 89' lang='lat' dir='ltr'>non</span> <span class='ocrx_word' id='word_1_239' title='bbox 690 2939 752 3000; x_wconf 89' lang='lat' dir='ltr'>est.</span> <span class='ocrx_word' id='word_1_240' title='bbox 768 2936 831 2999; x_wconf 77' lang='lat' dir='ltr'>Sed</span> <span class='ocrx_word' id='word_1_241' title='bbox 852 2934 984 3014; x_wconf 79' lang='lat' dir='ltr'>legibus</span> <span class='ocrx_word' id='word_1_242' title='bbox 1000 2933 1205 3016; x_wconf 74' lang='lat' dir='ltr'>iudiciisque</span> 
     </span>
    </p>

    <p class='ocr_par' dir='ltr' id='par_1_5' title="bbox 251 3014 1208 3338">
     <span class='ocr_line' id='line_1_35' title="bbox 287 3014 1205 3096; baseline 0 -18"><span class='ocrx_word' id='word_1_243' title='bbox 287 3018 434 3078; x_wconf 90' lang='lat' dir='ltr'>ominum</span> <span class='ocrx_word' id='word_1_244' title='bbox 461 3018 519 3081; x_wconf 81' lang='lat' dir='ltr'>lex</span> <span class='ocrx_word' id='word_1_245' title='bbox 540 3014 704 3079; x_wconf 88' lang='lat' dir='ltr'>antecedit</span> <span class='ocrx_word' id='word_1_246' title='bbox 730 3015 960 3096; x_wconf 83' lang='lat' dir='ltr'>jndiciumque</span> <span class='ocrx_word' id='word_1_247' title='bbox 991 3015 1111 3078; x_wconf 79' lang='lat' dir='ltr'>Christi</span> <span class='ocrx_word' id='word_1_248' title='bbox 1132 3016 1205 3096; x_wconf 84' lang='lat' dir='ltr'>Dei,</span> 
     </span>
     <span class='ocr_line' id='line_1_36' title="bbox 251 3094 1204 3176; baseline 0.003 -20"><span class='ocrx_word' id='word_1_249' title='bbox 251 3094 321 3176; x_wconf 93' lang='lat' dir='ltr'>·qui</span> <span class='ocrx_word' id='word_1_250' title='bbox 341 3096 457 3158; x_wconf 88' lang='lat' dir='ltr'>multis</span> <span class='ocrx_word' id='word_1_251' title='bbox 477 3095 584 3160; x_wconf 88' lang='lat' dir='ltr'>modis</span> <span class='ocrx_word' id='word_1_252' title='bbox 606 3094 723 3160; x_wconf 85' lang='lat' dir='ltr'>suadet</span> <span class='ocrx_word' id='word_1_253' title='bbox 736 3096 1006 3159; x_wconf 89' lang='lat' dir='ltr'>consuetudinem</span> <span class='ocrx_word' id='word_1_254' title='bbox 1020 3094 1204 3175; x_wconf 85' lang='lat' dir='ltr'>largiendi:</span> 
     </span>
     <span class='ocr_line' id='line_1_37' title="bbox 264 3176 1208 3255; baseline 0.005 -19"><span class='ocrx_word' id='word_1_255' title='bbox 264 3176 397 3239; x_wconf 77' lang='lat' dir='ltr'>beotius</span> <span class='ocrx_word' id='word_1_256' title='bbox 417 3179 468 3239; x_wconf 88' lang='lat' dir='ltr'>est</span> <span class='ocrx_word' id='word_1_257' title='bbox 489 3181 602 3255; x_wconf 74' lang='lat' dir='ltr'>mepte</span> <span class='ocrx_word' id='word_1_258' title='bbox 623 3179 719 3255; x_wconf 80' lang='lat' dir='ltr'>dore,</span> <span class='ocrx_word' id='word_1_259' title='bbox 735 3192 839 3251; x_wconf 79' lang='lat' dir='ltr'>quem</span> <span class='ocrx_word' id='word_1_260' title='bbox 861 3181 1018 3254; x_wconf 77' lang='lat' dir='ltr'>accipere</span> <span class='ocrx_word' id='word_1_261' title='bbox 1032 3179 1057 3238; x_wconf 70' lang='grc' dir='ltr'>δε</span> <span class='ocrx_word' id='word_1_262' title='bbox 1081 3182 1116 3238; x_wconf 88' lang='lat' dir='ltr'>et</span> <span class='ocrx_word' id='word_1_263' title='bbox 1137 3177 1208 3240; x_wconf 92' lang='lat' dir='ltr'>col-</span> 
     </span>
     <span class='ocr_line' id='line_1_38' title="bbox 262 3255 1206 3338; baseline 0.001 -19"><span class='ocrx_word' id='word_1_264' title='bbox 262 3257 366 3320; x_wconf 85' lang='lat' dir='ltr'>latam</span> <span class='ocrx_word' id='word_1_265' title='bbox 387 3259 586 3334; x_wconf 82' lang='lat' dir='ltr'>negatamve</span> <span class='ocrx_word' id='word_1_266' title='bbox 617 3256 819 3338; x_wconf 83' lang='lat' dir='ltr'>pauperibus</span> <span class='ocrx_word' id='word_1_267' title='bbox 850 3255 1104 3321; x_wconf 89' lang='lat' dir='ltr'>beneficentiam</span> <span class='ocrx_word' id='word_1_268' title='bbox 1129 3274 1206 3338; x_wconf 88' lang='lat' dir='ltr'>per-</span> 
     </span>
    </p>
   </div>
   <div class='ocr_carea' id='block_1_4' title="bbox 294 3388 1165 3579">
    <p class='ocr_par' dir='ltr' id='par_1_6' title="bbox 294 3388 1165 3579">
     <span class='ocr_line' id='line_1_39' title="bbox 295 3388 1151 3453; baseline 0.001 -13"><span class='ocrx_word' id='word_1_269' title='bbox 295 3389 304 3423; x_wconf 92' lang='lat'>¹</span> <span class='ocrx_word' id='word_1_270' title='bbox 321 3389 390 3441; x_wconf 84' lang='lat' dir='ltr'>Luc.</span> <span class='ocrx_word' id='word_1_271' title='bbox 408 3404 443 3452; x_wconf 80' lang='lat' dir='ltr'>vr,</span> <span class='ocrx_word' id='word_1_272' title='bbox 461 3389 500 3452; x_wconf 90' lang='grc'>24,</span> <span class='ocrx_word' id='word_1_273' title='bbox 510 3389 550 3441; x_wconf 82' lang='grc'>25.</span> <span class='ocrx_word' id='word_1_274' title='bbox 763 3389 818 3441; x_wconf 77' lang='lat'>²8.</span> <span class='ocrx_word' id='word_1_275' title='bbox 830 3388 909 3442; x_wconf 64' lang='lat' dir='ltr'>&#39;Phi</span> <span class='ocrx_word' id='word_1_276' title='bbox 924 3390 946 3453; x_wconf 83' lang='lat'>2,</span> <span class='ocrx_word' id='word_1_277' title='bbox 964 3403 1011 3453; x_wconf 90' lang='lat' dir='ltr'>qu.</span> <span class='ocrx_word' id='word_1_278' title='bbox 1083 3404 1108 3441; x_wconf 70' lang='lat' dir='ltr'>a</span> <span class='ocrx_word' id='word_1_279' title='bbox 1125 3391 1151 3442; x_wconf 94' lang='grc'>2.</span> 
     </span>
     <span class='ocr_line' id='line_1_40' title="bbox 294 3451 1165 3517; baseline 0.005 -15"><span class='ocrx_word' id='word_1_280' title='bbox 294 3451 361 3503; x_wconf 82' lang='lat' dir='ltr'>³1d.</span> <span class='ocrx_word' id='word_1_281' title='bbox 379 3453 434 3517; x_wconf 75' lang='lat'>22,</span> <span class='ocrx_word' id='word_1_282' title='bbox 450 3452 605 3515; x_wconf 66' lang='lat' dir='ltr'>quantilli,</span> <span class='ocrx_word' id='word_1_283' title='bbox 622 3466 646 3506; x_wconf 76' lang='lat' dir='ltr'>a</span> <span class='ocrx_word' id='word_1_284' title='bbox 662 3453 686 3506; x_wconf 88' lang='grc'>2.</span> <span class='ocrx_word' id='word_1_285' title='bbox 764 3451 776 3486; x_wconf 87' lang='lat'>⁴</span> <span class='ocrx_word' id='word_1_286' title='bbox 806 3451 848 3502; x_wconf 91' lang='lat' dir='ltr'>Id.</span> <span class='ocrx_word' id='word_1_287' title='bbox 864 3453 881 3502; x_wconf 91' lang='grc'>2</span> <span class='ocrx_word' id='word_1_288' title='bbox 895 3453 919 3515; x_wconf 90' lang='grc'>2,</span> <span class='ocrx_word' id='word_1_289' title='bbox 935 3457 1036 3516; x_wconf 67' lang='lat' dir='ltr'>quaest.</span> <span class='ocrx_word' id='word_1_290' title='bbox 1101 3467 1127 3506; x_wconf 76' lang='lat' dir='ltr'>a.</span> <span class='ocrx_word' id='word_1_291' title='bbox 1138 3453 1165 3506; x_wconf 89' lang='grc'>6.</span> 
     </span>
     <span class='ocr_line' id='line_1_41' title="bbox 295 3513 1016 3579; baseline 0.006 -15"><span class='ocrx_word' id='word_1_292' title='bbox 295 3513 306 3546; x_wconf 82' lang='lat'>⁵</span> <span class='ocrx_word' id='word_1_293' title='bbox 322 3514 391 3565; x_wconf 84' lang='lat' dir='ltr'>Luc.</span> <span class='ocrx_word' id='word_1_294' title='bbox 408 3529 448 3578; x_wconf 83' lang='lat' dir='ltr'>xr,</span> <span class='ocrx_word' id='word_1_295' title='bbox 464 3515 503 3564; x_wconf 80' lang='lat'>41.</span> <span class='ocrx_word' id='word_1_296' title='bbox 765 3515 777 3548; x_wconf 59' lang='grc' dir='ltr'><strong>ὅ</strong></span> <span class='ocrx_word' id='word_1_297' title='bbox 800 3515 900 3568; x_wconf 88' lang='lat' dir='ltr'>Actor.</span> <span class='ocrx_word' id='word_1_298' title='bbox 916 3530 964 3579; x_wconf 71' lang='lat' dir='ltr'>xx,</span> <span class='ocrx_word' id='word_1_299' title='bbox 978 3514 1016 3568; x_wconf 80' lang='lat'>35.</span> 
     </span>
    </p>
   </div>
   <div class='ocr_carea' id='block_1_5' title="bbox 0 0 1284 4182">
    <p class='ocr_par' dir='ltr' id='par_1_7' title="bbox 0 0 1284 4182">
     <span class='ocr_line' id='line_1_42' title="bbox 0 0 1284 4182; baseline 0 0"><span class='ocrx_word' id='word_1_300' title='bbox 0 0 1284 4182; x_wconf 95' lang='lat' dir='ltr'> </span> 
     </span>
    </p>
   </div>
  </div>
 </body>
</html>
