2554 4182
656 265 835 327 -340-

314 373 376 438 Sed
396 373 548 455 quaedam
570 371 705 452 majoris
726 372 885 435 momenti
908 373 1044 452 praestat
1064 373 1220 436 nomina-

275 457 335 517 tim
358 454 590 534 perstringere.
611 487 650 496 -
670 453 777 532 (laput
798 457 910 515 autem
932 455 992 528 est,
1015 453 1155 532 imperio
1176 471 1221 518 ac

274 537 481 599 munimento
503 536 617 613 legum
637 532 742 596 tutari
763 537 910 627 privatas
930 535 1154 614 possessiones
1175 552 1216 596 o·

275 619 418 699 portere.
449 615 738 694 Potissimumque‚
761 631 797 675 1n
827 616 921 677 tanto
948 612 1021 692 jam
1052 613 1218 694 cupidita·

277 703 349 760 tum
371 695 508 772 ardore,
531 693 730 758 continenda
750 693 783 755 in
805 692 912 756 officio
933 693 1045 772 plebs:
1081 713 1159 757 narn
1186 695 1220 757 si

275 777 317 840 ad
338 777 476 839 meliora
497 774 696 839 contendere
717 791 912 837 concessum
932 781 983 836 est
1014 792 1081 837 non
1113 792 1217 854 repu-

275 863 403 936 gnante
421 856 566 936 justitia,
589 859 624 918 at
644 855 762 932 alteri,
786 853 875 935 quod
896 872 994 916 suum
1016 859 1077 929 est,
1101 853 1216 917 detra-

276 939 374 1014 here,
397 955 437 998 ac
458 953 516 1016 per
537 935 680 1016 speciem
702 933 853 998 absurdae
873 935 1048 1014 cujusdam
1069 936 1220 1016 aequabi-

275 1018 379 1082 litatis
400 1019 434 1079 in
455 1017 608 1079 fortunas
628 1017 755 1078 alienas
776 1015 936 1094 involare,
956 1015 1090 1095 justitia
1112 1019 1218 1090 vetat,

276 1116 337 1162 nec
358 1099 432 1177 ipsa
459 1097 645 1160 communis
676 1096 832 1160 utilitatis
863 1095 946 1159 ratio
979 1097 1067 1160 sinit.
1092 1097 1219 1178 Utique

277 1197 352 1260 pars
374 1177 531 1257 opiticum
551 1177 653 1255 longe
674 1178 820 1239 maxima
834 1192 893 1238 res
907 1177 1059 1239 meliores
1073 1177 1219 1241 honesto

275 1260 388 1321 labore
408 1275 602 1337 comparare
623 1257 694 1320 sine
715 1256 913 1337 cujusquam
934 1257 1057 1336 injuria
1069 1257 1216 1320 malunt:

275 1341 504 1400 verumtamen
525 1355 591 1400 non
613 1338 708 1418 pauci
730 1341 950 1400 numerantur
965 1338 1076 1417 pravis
1091 1338 1218 1401 imbuti

276 1418 485 1499 opinionibus
516 1436 691 1498 rerumque
719 1435 881 1498 nouarum
902 1417 1025 1497 cupidi,
1048 1418 1158 1498 quiid
1182 1439 1219 1482 a·

276 1502 363 1579 gunt
384 1498 474 1562 omni
496 1499 623 1562 ratione
646 1502 683 1560 ut
702 1498 816 1561 turbas
839 1503 1004 1576 moveant,
1026 1516 1066 1560 ac
1087 1504 1219 1562 ceteros

276 1578 318 1642 ad
339 1581 408 1641 vim
430 1579 614 1657 impellant.
641 1579 775 1640 Intersit
804 1578 911 1656 igitur
942 1578 1129 1660 reipublicae
1155 1599 1218 1642 au-

275 1660 423 1738 ctoritas,
445 1659 631 1740 injectoque
657 1658 918 1722 concitatoribus
936 1657 1038 1734 freno,
1056 1660 1097 1723 ab
1118 1659 1218 1738 opifi-

275 1758 353 1803 cum
373 1740 521 1802 moribus
542 1740 762 1820 corruptrices
782 1741 882 1818 artes,
899 1757 919 1801 a
939 1739 1098 1817 legitimis
1112 1738 1218 1803 domi-

276 1822 328 1884 nis
348 1820 534 1899 periculum
555 1821 748 1900 rapinarum
769 1824 929 1882 coerceat.

316 1900 546 1981 Longinquior
568 1901 621 1962 vel
642 1901 810 1979 operosior
830 1895 934 1978 labos,
951 1903 1051 1980 atque
1066 1900 1217 1980 opinatio

275 1985 378 2044 curtae
399 1979 559 2044 mercedis
580 1998 732 2043 caussam
754 1997 820 2043 non
841 1997 916 2043 raro
934 1980 1014 2043 dant
1028 1980 1217 2046 artificibus

276 2062 489 2142 quamobrem
511 2077 608 2139 opere
629 2078 663 2123 se
685 2061 818 2124 solvant
840 2077 878 2121 ex
900 2061 1104 2141 composito,
1127 2061 1216 2124 otio-

276 2157 339 2220 que
371 2141 493 2203 dedant
524 2142 723 2204 voluntario.
748 2141 806 2203 Oui
837 2140 969 2222 quidem
1001 2141 1216 2206 incommodo

275 2221 398 2282 usitato
429 2225 460 2281 et
491 2223 588 2297 gravi
616 2220 815 2284 medendum
837 2221 979 2301 publice,
1003 2222 1084 2301 quia
1103 2239 1218 2300 genus

274 2299 364 2362 istud
385 2302 575 2363 cessationis
597 2320 665 2364 non
684 2302 782 2364 heros
803 2300 997 2382 dumtaxat,
1019 2305 1055 2364 at
1078 2320 1120 2365 ue
1142 2305 1215 2383 opi-

275 2380 352 2444 fices
372 2381 461 2459 ipsos
483 2381 586 2444 afficit
607 2379 740 2460 damno,
756 2379 813 2445 sed
834 2384 1030 2446 mercaturis
1045 2321 1139 2446 obest
1154 2385 1218 2447 rei·

275 2480 337 2543 que
357 2462 498 2542 publicae
519 2462 733 2525 utilitatibus:
750 2479 892 2543 cumque
907 2461 995 2525 haud
1010 2464 1127 2543 procul
1141 2483 1216 2528 esse

275 2560 295 2604 a
315 2543 350 2604 vi
371 2543 542 2623 turbisque
563 2544 679 2618 soleat,
696 2559 921 2622 saepenumero
936 2544 1216 2623 tranquillitatem

275 2624 442 2703 publicam
463 2623 497 2685 in
520 2623 694 2686 discrimen
724 2623 870 2687 adducit.
897 2625 968 2699 Qua
997 2624 1032 2685 in
1064 2641 1099 2686 re
1129 2625 1215 2688 illud

274 2706 383 2783 magis
412 2704 529 2766 efficax
559 2722 599 2766 ac
620 2703 763 2777 salubre,
786 2709 992 2767 antevertere
1013 2707 1216 2768 auctoritate

274 2786 401 2863 legum,
425 2784 616 2865 malumque
644 2801 685 2846 ne
707 2801 880 2864 erumpere
903 2784 1005 2864 possit
1025 2785 1213 2866 prohibere,

274 2864 392 2926 amotis
413 2868 542 2926 mature
563 2864 699 2942 caussis,
716 2865 804 2927 unde
826 2864 1032 2927 dominorum
1055 2870 1158 2948 atque
1179 2885 1215 2932 o·

274 2943 482 3022 perariorum
502 2944 677 3008 conflictus
701 2944 850 3008 videatur
871 2945 1048 3008 extiturus

313 3023 487 3105 Similique
508 3025 605 3087 modo
627 3026 723 3104 plura
744 3027 877 3088 suntin
898 3026 1035 3104 opifice,
1058 3027 1215 3107 prasidio

273 3102 452 3166 munienda
474 3105 673 3184 reipublicae:
698 3124 738 3168 ac
759 3107 903 3185 primum
924 3107 1028 3168 animi
1052 3107 1152 3170 bona.
1169 3109 1216 3169 si-

274 3181 405 3262 quidem
428 3184 496 3246 vita
518 3187 666 3248 mortalis
687 3185 902 3265 quantumvis
924 3185 1011 3248 bona
1031 3191 1064 3249 et
1085 3189 1215 3270 optabi·

273 3263 334 3336 lis,
358 3281 426 3326 non
446 3263 517 3345 ipsa
539 3271 650 3327 tamen
671 3266 753 3328 illud
775 3270 826 3328 est
859 3265 1036 3344 ultimum,
1060 3267 1102 3330 ad
1124 3267 1216 3349 quod

273 3344 344 3406 nati
366 3361 502 3406 sumus:
536 3345 592 3406 sed
614 3346 670 3407 via
697 3345 927 3409 tantummodo
959 3351 1060 3428 atque
1091 3350 1216 3411 instru-

272 3427 422 3487 mentum
455 3425 497 3486 ad
518 3424 618 3486 animi
641 3426 746 3488 vitam
774 3425 1006 3506 perspicientia
1028 3429 1099 3490 veri
1120 3433 1156 3491 et
1178 3446 1213 3491 a·

271 3521 361 3567 more
382 3505 460 3567 boni
482 3506 722 3586 complendam.
746 3508 887 3570 Animus
908 3511 977 3585 est,
1002 3508 1059 3587 qui
1079 3527 1215 3590 expres-
