2554 4182
442 222 564 285 -299
588 253 625 264 -·

62 329 176 393 denda
197 332 444 409 proponuntur:
460 345 550 469 θυαε
564 329 630 400 lide
644 329 815 392 catholica
833 330 866 390 et
880 331 1004 390 diuina

62 409 239 472 credendas
260 409 442 474 Concilium
489 407 660 470 aticanum
682 407 840 471 decrevit.
857 406 920 469 Sed
941 407 1004 470 hoc

61 495 112 552 est
131 495 292 569 praterea
312 491 348 552 in
368 488 486 552 officiis
506 487 764 552 christianorum
777 487 1002 581 ponendum,

60 574 99 633 ut
128 575 289 650 potestate
321 569 489 649 ductuque
513 567 1003 649 Episcoporum1mprimisque

60 650 150 712 Sedis
173 650 371 730 Apostolicae
391 649 466 728 regi
487 665 523 712 se
544 649 792 729 gubernarique
817 649 1000 727 patiantur.

61 731 151 805 Quod
180 730 315 811 quidem
346 745 446 810 quarn
473 729 517 791 sit
539 733 823 807 consentaneum,
845 727 1003 808 perfacile

60 816 206 890 apparet.
231 811 316 873 Nam
337 827 412 890 quae
437 809 559 872 divinis
590 810 732 879 oraculis
763 809 1000 884 continentur,
1087 809 1089 823 '

61 907 98 952 en
119 891 225 954 Deum
245 890 368 971 partim
389 891 581 968 attingunt,
604 889 726 969 partim
753 888 863 970 ipsum
894 887 1000 950 homi-

60 987 134 1032 nem
154 971 302 1051 itemque
323 987 375 1032 res
389 969 432 1032 ad
446 969 685 1048 sempiternam
699 968 843 1032 bominis
857 969 1001 1030 salutem

60 1052 273 1114 necessarias.
296 1050 317 1113 J
319 1066 455 1113 amvero
483 1049 523 1112 de
537 1053 679 1131 utroque
694 1066 829 1130 genere,
843 1048 1003 1111 nimirum

61 1135 91 1191 et
113 1131 194 1210 quid
214 1129 345 1194 credere
365 1132 518 1210 oporteat
537 1133 570 1192 et
592 1127 670 1211 quid
691 1146 805 1209 agere,
828 1128 870 1191 ab
892 1129 1002 1192 Eccle
1025 1127 1029 1135 ⁴

61 1211 106 1272 sia
121 1211 201 1291 jure
223 1211 334 1273 divino
355 1210 566 1290 praecipitur,
589 1210 641 1271 uti
660 1209 826 1288 diximuS,
849 1212 949 1288 atque
970 1209 1004 1271 in

61 1291 208 1354 Ecclesia
229 1309 249 1353 a
269 1290 429 1353 Pontifice
443 1291 601 1353 maximo.
619 1291 839 1365 Quamobrem
852 1289 1005 1370 judicare

59 1387 152 1448 posse
176 1370 326 1434 Pontifex
347 1387 408 1450 pro
429 1370 627 1433 auctoritate
650 1369 747 1433 debet
771 1369 851 1451 quid
872 1369 1004 1449 eloquia

60 1449 171 1514 divina
191 1453 394 1529 contineant,
417 1468 491 1532 quae
512 1469 588 1512 oum
610 1451 659 1512 eis
692 1450 851 1513 doctrinae
871 1466 1006 1512 concor-

60 1529 160 1610 dent,
196 1548 270 1612 quae
300 1531 504 1610 discrepent:
533 1530 714 1611 eademque
737 1529 866 1592 ratione
896 1535 1006 1592 osten-

62 1609 131 1674 dere
153 1628 228 1690 quae
248 1612 389 1674 honesta
409 1611 496 1688 siut,
522 1628 596 1693 quac
615 1609 744 1690 turpia:
768 1608 849 1690 quid
876 1625 1001 1688 agere,

61 1691 135 1770 qnid
156 1693 298 1770 fugere,
323 1692 441 1754 salutis
462 1690 685 1770 adipiscendae
706 1707 847 1766 caussa,
872 1706 1005 1753 necesse

61 1771 114 1833 sit:
128 1771 228 1834 aliter
238 1772 327 1834 enim
337 1789 402 1834 nec
411 1771 618 1852 eloquiorum
629 1771 689 1834 Dei
703 1775 815 1832 certus
826 1769 1002 1848 interpres,

59 1869 116 1914 nec
130 1852 200 1914 dux
215 1850 257 1913 ad
272 1851 452 1914 vivendum
465 1856 560 1912 tutus
580 1851 637 1913 ille
658 1867 729 1914 esse
740 1849 867 1913 homini
881 1851 1002 1929 posset.

96 1931 207 1994 Altius
221 1937 383 2011 praeterea
397 1930 593 1993 intrandum
607 1932 641 1993 in
656 1928 812 1994 Ecclesia
826 1933 1000 1992 naturam:

61 2010 178 2091 quippe
199 2028 274 2092 quae
295 2029 362 2075 non
383 2014 433 2074 est
454 2011 724 2090 christianorum,
747 2013 785 2072 ut
811 2009 879 2072 fors
901 2010 1003 2089 tulit,

59 2107 142 2153 nexa
151 2093 353 2170 communio,
368 2091 425 2154 sed
442 2093 616 2154 excellenti
630 2090 868 2170 temperatione
883 2089 1004 2153 divini-

61 2175 111 2233 tus
125 2169 311 2234 constituta
325 2172 479 2244 societas,
497 2187 571 2251 quae
588 2171 670 2234 illuc
685 2175 777 2233 recta
790 2171 1006 2252 proximeque

61 2254 196 2330 spectat,
226 2254 266 2314 ut
289 2269 405 2334 pacem
427 2251 545 2314 animis
567 2268 606 2313 ac
627 2252 839 2314 sanctitatem
864 2250 1002 2314 afferat:

60 2348 201 2412 cumque
221 2348 274 2394 res
294 2332 336 2394 ad
357 2332 390 2394 id
412 2331 617 2394 necessarias
637 2331 751 2394 divino
772 2348 910 2394 munere
933 2331 1004 2392 sola

60 2411 236 2489 possideat,
258 2417 367 2475 certas
387 2412 488 2475 habet
507 2411 614 2491 leges,
635 2415 727 2474 certa
753 2411 882 2490 officia,
906 2414 1007 2490 atque

20 2515 21 2556 2
60 2491 92 2553 in
112 2491 249 2572 populis
269 2492 460 2554 christianis
482 2491 694 2554 moderandis
715 2491 877 2554 rationem
898 2492 1004 2552 viam-

20 2567 22 2648 ῗ
62 2589 121 2651 que
144 2571 296 2653 sequitur
319 2575 449 2636 naturae
475 2589 545 2633 suae
577 2574 846 2634 consentaneam.
879 2602 911 2616 ·-
942 2568 1006 2632 Sed

62 2650 248 2715 istiusmodi
269 2652 442 2732 regiminis
464 2650 609 2714 difficilis
630 2653 679 2714 est
700 2660 733 2712 et
748 2669 825 2714 curn
838 2649 1007 2744 frequenti

63 2732 244 2796 offensione
265 2749 391 2794 cursus.
414 2732 538 2795 Gentes
558 2733 646 2794 enim
667 2731 815 2794 Ecclesia
841 2734 929 2809 regit
949 2745 1007 2808 per

20 2889 21 2892 Ἴ
60 2818 195 2875 cunctos
225 2815 391 2875 terrarum
427 2815 555 2874 tractus
589 2809 843 2888 disseminatas,
881 2826 1006 2888 genere

63 2890 252 2956 differentes
272 2893 497 2972 moribusque,
522 2909 616 2972 quas,
637 2908 714 2954 cum
737 2892 771 2952 in
792 2909 853 2953 sua
867 2906 1008 2970 quaeque

62 2972 229 3052 republica
250 2971 319 3034 suis
339 2972 473 3051 legibus
495 2972 633 3045 vivant,
655 2971 744 3034 civili
765 2971 866 3032 simul
890 2988 929 3032 ac
958 2988 1009 3032 sa-

62 3069 122 3116 crae
143 3053 304 3132 potestati
325 3051 472 3115 officium
494 3055 545 3114 est
565 3052 712 3114 subesse.
737 3052 815 3126 Quae
840 3050 951 3114 officia
971 3051 1008 3113 in

61 3132 184 3196 eisdem
205 3131 356 3212 personis
377 3131 559 3212 conjuncta
579 3131 813 3210 reperiuntur,
836 3148 905 3193 non
927 3147 1007 3192 vero

61 3212 262 3292 pugnantia,
284 3213 336 3274 uti
357 3211 513 3290 diximus,
537 3229 642 3293 neque
661 3211 811 3288 confusa,
829 3212 908 3291 quia
927 3211 1007 3272 alte·

61 3309 134 3355 rum
156 3309 266 3372 genus
280 3291 323 3354 ad
342 3293 598 3373 prosperitatem
612 3292 756 3372 pertinet
777 3291 932 3368 civitatis,
955 3289 1004 3351 al-

61 3373 170 3436 terum
202 3372 245 3435 ad
275 3389 451 3435 commune
481 3373 639 3435 Ecclesia
663 3372 800 3448 bonum,
829 3374 1008 3450 utrumque

65 3451 231 3530 parienda
251 3452 425 3516 hominum
445 3451 639 3533 perfectioni
653 3455 782 3515 natum.
