2576 4180
549 227 727 288 ..197-

164 353 414 416 quemcumque
436 334 670 414 presbyterum
692 333 935 396 Confessarium
957 336 1027 396 tam
1048 351 1109 396 sae·

163 417 430 496 cularemquam
445 417 638 495 regularem
661 432 702 476 ex
723 416 800 476 actu
822 413 1025 494 approbatis:
1042 431 1109 494 qua

160 495 329 558 facultate
360 497 410 556 uti
441 495 570 574 possint
604 495 704 558 etiam
739 494 920 571 Monalos,
953 494 1106 573 Neritia,

161 575 308 657 aliaeque
329 575 497 652 mulieres,
520 575 608 636 iutra
635 576 782 638 claustra
813 574 982 653 degentes,
1016 573 1110 636 dum-

162 655 267 719 modo
288 656 515 718 Oonfessarius
536 655 739 734 approbatus
759 655 804 716 sit
823 672 883 733 pro
898 655 1108 717 Mouialibus.

161 771 208 781 -
229 735 446 799 confessariis
468 739 593 813 autem,
615 735 678 797 hac
699 735 874 797 occasione
908 738 941 794 et
968 733 1110 796 durante

161 814 271 894 hujus
291 815 427 878 Jubilaei
448 820 595 895 tempore
616 819 762 890 tautum,
786 831 900 877 omnes
922 815 998 876 illas
1020 815 1110 892 ipsas

161 895 347 958 facultates
367 896 547 974 largimur,
570 911 654 974 quas
673 895 790 973 largiti
811 912 927 956 sumus
947 911 1005 973 per
1026 894 1110 957 litte

163 993 226 1037 ras
248 977 386 1038 Nostrae
408 976 613 1054 apostolicas
635 976 822 1048 Pontifices
842 979 991 1037 mosiaci
1014 973 1108 1038 datas

162 1055 222 1118 die
243 1072 292 1116 xv
313 1055 436 1118 mensis
457 1056 627 1118 Februarii
649 1073 737 1117 anno
759 1071 982 1133 unccccxxrx,
1006 1055 1047 1116 iis
1060 1059 1108 1116 ta·

160 1152 245 1198 men
267 1135 421 1198 omnibus
442 1137 601 1216 exceptis,
621 1153 695 1215 quae
715 1135 749 1197 in
770 1135 895 1198 eisdem
916 1135 1038 1198 litteris
1054 1153 1110 1196 ex-

163 1218 268 1294 cepta
289 1219 377 1278 sunt.
988 1257 990 1261 -

208 1297 360 1359 Ceterum
375 1311 505 1358 summa
519 1313 601 1357 cura
616 1295 773 1358 studeant
787 1296 931 1359 universi
946 1313 1108 1374 magnam

160 1375 228 1438 Dei
251 1380 420 1454 parentem
443 1377 610 1456 praecipuo
631 1392 690 1455 per
721 1376 754 1438 id
788 1382 918 1456 tempus
951 1375 1107 1456 obsequio

160 1457 329 1536 cultuque
350 1456 519 1527 demereri.
543 1456 628 1518 Nam
643 1455 678 1516 in
692 1457 874 1536 patrocinio
890 1456 1107 1519 sanctissima

159 1535 320 1613 Virginis
342 1555 362 1598 a
383 1541 531 1599 Rosario
563 1552 696 1614 sacrum
726 1535 787 1598 hoc
818 1536 999 1600 iubilaeum
1035 1553 1107 1599 esse

159 1616 340 1678 volumus:
364 1615 501 1696 ipsaque
524 1614 687 1695 adjutrice
709 1616 917 1693 confidimus,
941 1633 1007 1678 non
1023 1633 1106 1694 pau·
1131 1677 1132 1681 ,

160 1695 386 1774 metaturae,
409 1713 551 1776 quorum
573 1697 703 1757 animus
725 1695 855 1758 detersa
884 1694 1106 1758 admissorum

158 1775 241 1838 labe
262 1777 426 1856 expietur,
450 1775 591 1856 fideque,
615 1775 751 1855 pietate,
771 1775 987 1854 Justitianon
1008 1774 1105 1837 modo

159 1856 201 1917 in
222 1872 316 1934 spem
336 1855 454 1918 salutis
475 1855 696 1940 sempiternae,
720 1855 778 1918 sed
799 1855 898 1918 etiam
931 1855 965 1917 in
997 1855 1107 1933 auspi·

161 1935 255 1997 cium
276 1936 455 2016 pacatioris
477 1936 542 1998 aevi
563 1940 753 1998 renovetur.

205 2016 353 2090 Quorum
373 2016 610 2079 beneficiorum
641 2015 821 2078 caelestium
853 2017 1022 2097 auspicem
1049 2033 1107 2096 pa·

160 2102 333 2176 ternaeque
363 2097 493 2159 Nostrae
524 2096 761 2158 benevolentias
793 2099 913 2158 testem
938 2095 1045 2174 vobio,
1072 2100 1106 2156 et

160 2175 257 2238 clero
278 2176 468 2256 populoque
489 2177 644 2238 universo
666 2181 784 2238 vestras
804 2176 878 2240 fidei
904 2177 1106 2255 vigilantia

160 2273 228 2334 que
260 2255 437 2318 commisso
474 2256 696 2335 Apostolicam
730 2257 996 2320 Benedictionem
1030 2272 1106 2335 per·

160 2339 316 2397 amanter
340 2337 375 2397 in
400 2336 540 2398 Domino
563 2335 781 2416 impertimus.
1168 2354 1170 2358 ·

204 2415 327 2478 Datum
350 2417 461 2479 Romae
475 2416 564 2496 apud
578 2416 610 2477 S.
628 2417 774 2490 Petrum,
798 2415 851 2478 die
873 2434 947 2478 xxu
971 2418 1106 2479 Decem-

160 2494 235 2556 bris
247 2512 490 2575 muccosum,
507 2496 724 2558 Pontificatus
738 2491 851 2559 Nostri
870 2513 958 2558 anno
973 2500 1102 2559 octavo.

491 2737 570 2798 LEO
596 2738 656 2800 PP.
680 2739 773 2799 xlii.
