2484 4178
92 375 161 438 raii
183 374 356 437 hominum
378 371 563 454 aequalitati
582 389 777 452 repugnans
798 372 987 453 traducant,
1004 377 1037 435 et

92 455 366 517 communionem
400 453 562 517 bonorum
598 453 813 533 affectantes,
844 454 1036 535 pauperiem

93 534 189 597 haud
210 551 306 628 aquo
327 534 439 597 animo
460 550 530 627 esse
551 533 798 614 perferendam,
822 540 856 595 et
880 535 1037 597 ditiorum

94 631 323 695 possessiones
344 631 383 676 ac
398 613 478 692 jura
509 631 645 694 rmpuue
675 614 792 676 violari
823 631 919 695 posse
950 614 1037 676 arbi-

91 699 251 774 trentur3
279 695 427 757 Ecclesia
447 695 554 756 multo
575 695 681 757 satius
701 699 735 757 et
755 695 873 757 utilius
893 694 1037 787 inaequa-

95 776 229 837 litatem
251 774 340 837 inter
360 773 524 853 homines,
538 775 684 855 corporis
704 775 897 855 ingeniique
911 775 1038 837 viribus

94 853 298 918 naturaliter
325 853 485 932 diversos,
507 854 608 917 etiam
640 855 675 917 in
706 855 802 918 bonis
831 855 1039 932 possidendis

95 937 276 1013 agnoscit,
299 944 331 996 et
349 933 406 1013 jus
426 934 640 1014 proprietatis
661 953 700 996 ac
721 934 879 1013 dominii,
903 935 945 998 ab
966 937 1038 1016 ipsa

95 1021 222 1077 natura
236 1014 432 1095 profectum,
449 1017 614 1077 intactum
635 1015 771 1077 cuilibet
791 1021 825 1078 et
840 1015 1038 1078 inviolatum

95 1113 170 1172 esse
186 1095 296 1175 jubet:
313 1097 408 1158 novit
428 1098 517 1158 enim
537 1096 665 1158 lurtum
687 1113 726 1158 ae
740 1096 894 1175 rapinam
914 1113 934 1158 a
956 1097 1036 1172 Deo,

95 1177 209 1240 omnis
225 1175 314 1254 juris
335 1178 469 1238 auctore
497 1192 536 1239 ac
557 1175 696 1252 vindice,
721 1177 769 1237 ita
798 1176 901 1238 fuisse
931 1175 1040 1255 prohi-

96 1256 181 1335 bita,
205 1262 243 1317 ut
265 1256 373 1318 aliena
394 1257 447 1320 vel
468 1257 701 1335 concupiscere
721 1274 788 1318 non
810 1256 918 1334 liceat,
935 1255 1040 1318 fures·

84 1353 162 1416 -que
183 1340 218 1398 et
239 1338 409 1416 raptores,
432 1354 500 1399 non
520 1353 616 1398 secus
637 1353 677 1398 ac
697 1337 840 1398 adulteri
871 1341 904 1399 et
936 1336 1040 1399 idolo-

96 1417 206 1496 latrae,
223 1417 378 1478 acaelesti
399 1434 504 1496 regno
525 1415 757 1479 excludantur.
774 1451 814 1460 —-
836 1417 903 1479 Nec
927 1421 1039 1479 tamen

96 1496 221 1558 idcirco
253 1513 438 1577 pauperum
468 1514 583 1559 curam
615 1497 782 1575 negligit,
806 1501 865 1558 aut
889 1499 1038 1575 ipsorum

97 1577 354 1640 necessitatibus
384 1577 557 1640 consulere
588 1575 644 1657 pia
664 1587 769 1639 mater
790 1575 1037 1656 praetermittit:

97 1657 181 1737 quin
213 1659 279 1718 imo
310 1659 461 1720 materno
491 1657 566 1720 illos
597 1656 821 1735 complectens
852 1655 984 1735 affectu,
1006 1662 1040 1717 11

97 1737 201 1817 probe
216 1754 356 1800 noscens
372 1755 428 1800 eos
443 1753 560 1816 gerere
582 1736 688 1816 ipsius
708 1736 829 1798 Christi
850 1751 1037 1815 personam,

98 1818 158 1898 qui
179 1817 242 1880 sibi
263 1817 450 1897 prestitum
471 1816 667 1880 beneficium
687 1820 794 1897 putat,
819 1816 908 1895 quod
931 1817 984 1879 vel
1004 1815 1039 1876 in

97 1897 276 1960 minimum
298 1915 477 1978 pauperem
508 1897 705 1977 aquopiam
734 1895 836 1959 1111111
867 1897 1037 1970 collatum,

97 1993 228 2055 magno
253 1977 329 2040 illos
348 1977 447 2040 habet
478 1977 512 2038 in
533 1975 680 2039 honore:
713 1977 804 2039 omni
837 1994 903 2056 qna
933 1978 1040 2055 potest

98 2073 164 2136 ope
184 2058 357 2137 sublevat,
381 2057 495 2120 domos
516 2062 615 2137 atque
637 2056 782 2136 hospitia
812 2056 851 2117 iis
878 2057 1040 2137 excipien-

1 2177 2 2182 1
100 2137 164 2217 dis,
188 2136 313 2199 alendis
343 2142 377 2200 et
408 2137 565 2199 curandis
596 2137 720 2217 ubique
749 2142 914 2200 terrarum
945 2139 1040 2199 curat

98 2217 283 2296 erigenda,
305 2235 410 2299 eaque
441 2218 476 2279 in
508 2234 604 2280 suam
635 2215 752 2297 recipit
784 2218 933 2279 tutelam.
957 2218 1039 2278 Gra·

99 2298 240 2360 vissimo
262 2297 382 2360 divites
403 2301 504 2376 urget
525 2304 702 2377 praecepto,
721 2301 760 2358 ut
782 2297 868 2377 quod
891 2301 1042 2376 superest

97 2378 303 2458 pauperibus
324 2378 484 2459 tribuant,
507 2395 627 2458 eosque
649 2377 762 2438 divino
783 2379 887 2439 111111
903 2376 1039 2456 judicio,

99 2475 179 2538 quc,
203 2457 266 2519 nisi
297 2474 481 2536 egenorum
512 2458 633 2538 inopiae
664 2462 882 2534 succurrant,
906 2456 1041 2518 aeteruis

99 2538 172 2600 sint
192 2538 363 2618 suppliciis
383 2538 578 2600 mulctandi.
602 2538 746 2602 Tandem
768 2554 951 2617 pauperum
972 2537 1041 2598 ani·

98 2635 177 2680 mos
197 2619 341 2680 maxime
361 2622 489 2681 recreat
517 2636 555 2680 ac
577 2619 724 2696 solatur,
751 2619 821 2678 sive
854 2616 1043 2694 exemplum

100 2697 224 2759 Christi
239 2697 406 2778 objiciens,
422 2699 479 2778 qni
499 2714 579 2760 cum
600 2698 688 2761 esset
704 2703 800 2760 dives
819 2698 965 2773 propter
978 2713 1041 2759 nos

100 2794 231 2856 opertus
251 2779 369 2853 factus
389 2779 440 2841 est
462 2779 495 2857 1;
518 2778 590 2840 sive
604 2777 751 2860 ejusdem
766 2777 867 2839 verba
881 2776 1040 2856 recolens,

100 2857 405 3000 311111111111111
426 2859 542 2920 beatos
562 2858 665 2920 edixit
692 2863 726 2921 et
746 2860 878 2920 aternae
900 2856 1041 2918 beatitu-

123 2939 188 3000 inis
210 2955 348 3018 praemra
368 2955 502 3018 sperare
519 2939 631 3018 jussit.
654 2973 695 2982 —-
722 2937 802 3010 Quis
833 2942 944 3000 autem
975 2954 1042 2998 non

99 3018 215 3080 videat
236 3020 396 3098 optimam
417 3017 504 3080 hanc
525 3035 595 3081 esse
618 3018 836 3081 vetustissimi
857 3018 945 3080 inter
961 3032 1043 3095 pau-

97 3115 196 3241 geres
227 3101 260 3160 et
291 3099 411 3162 divites
443 3098 570 3161 dissidii
601 3097 821 3178 componendi
851 3095 1042 3160 rationem?

119 3180 193 3241 icut
215 3180 305 3241 enim
326 3179 398 3259 ipsa
418 3197 531 3242 rerum
551 3178 782 3258 factorumque
804 3177 972 3241 evidentia
987 3176 1042 3238 de·

96 3264 278 3338 monstrat,
299 3276 339 3321 ea
369 3260 497 3321 ratione
530 3258 655 3338 rejecta
686 3266 744 3321 aut
772 3258 972 3338 posthabita,
996 3258 1043 3319 al·

95 3345 267 3403 teretrum
298 3340 477 3418 contingat
509 3356 642 3402 necesse
664 3345 725 3420 est,
748 3343 787 3400 ut
818 3339 873 3400 vel
896 3337 1043 3400 maxima

125 3519 135 3552 ¹
152 3516 184 3567 11
200 3515 265 3567 Oor.
282 3515 383 3580 v111,9.
