2576 4180
610 261 791 324 -272-

232 371 354 450 diente,
369 369 404 433 in
419 368 557 432 civitate
570 368 682 432 liceat.
698 368 779 431 Haec
793 368 927 449 quidem
942 359 1032 449 vera,
1044 370 1116 434 haec
1133 369 1189 434 di-

231 469 303 530 gna
312 450 389 513 filiis
401 450 460 512 Dei
473 448 621 528 libertas,
634 465 707 530 quae
718 448 875 513 humanae
889 449 1089 543 dignitatem
1101 467 1187 531 per-

110 585 113 592 .
230 549 321 595 sonae
342 530 573 595 honestissime
593 533 719 608 tuetur,
741 536 793 591 est
813 530 905 593 omni
930 549 964 592 vr
989 529 1185 624 injuriaque

229 612 358 692 major:
374 610 555 690 eademque
569 609 725 672 Ecclesiae
738 626 868 689 semper
879 612 995 690 optata
1008 629 1047 673 ac
1060 627 1185 691 praeor-

230 710 296 773 pue
310 710 398 756 cara.
414 690 525 771 Hujus
542 689 678 768 generis
698 689 887 753 libertatem
908 689 971 754 sibi
985 695 1187 756 constanter

231 772 441 836 vindicavere
463 769 630 850 Apostoli,
653 787 794 832 sanxere
816 769 949 851 scriptis
968 771 1182 852 Apologetas,

231 853 396 934 Martyres
422 850 555 928 ingenti
575 868 713 913 numero
735 851 901 930 sanguine
923 869 984 914 suo
1005 867 1184 916 consecra-

232 950 320 996 vere.
338 934 381 996 Et
396 931 514 996 merito
550 930 681 994 uidem:
698 933 874 1010 propterea
888 931 976 1011 quod
995 932 1182 996 maximam

228 1012 514 1106 justissimamque
564 1011 595 1074 ei
614 1011 650 1074 in
671 1011 823 1074 homines
845 1014 1057 1091 potestatem,
1081 1012 1186 1076 vicis·

232 1094 361 1173 simque
382 1093 556 1155 hominum
576 1090 735 1154 adversus
757 1091 862 1154 Deum
888 1091 1044 1185 princeps
1074 1093 1184 1154 maxi-

232 1190 392 1316 ffirqqque
400 1171 572 1313 boiliciurqr,
584 1171 734 1314 glrIelrtasn
739 1170 810 1317 1ῗο
825 1170 1180 1316 (ἑὴὲ1ῗ1111ὲ11εεταὲὲιτ.

263 1271 310 1314 11
380 1269 439 1314 ae
485 1269 535 1314 rs
692 1269 804 1315 aro
850 1269 968 1316 ciros
1014 1269 1076 1316 nec
1145 1270 1182 1315 e-

233 1333 343 1396 diente
364 1268 553 1394 commuge:
576 1349 682 1412 neque
702 1332 773 1395 ullo
798 1338 895 1410 pacto
923 1332 1072 1412 putanda
1101 1338 1177 1414 est,

231 1413 319 1475 velle
340 1413 382 1476 ab
406 1410 563 1492 obsequio
594 1411 736 1492 publicae
767 1411 942 1491 potestatis
974 1412 1178 1493 descissere,

140 1535 143 1542 -
232 1497 406 1574 propterea
428 1492 516 1572 quod
536 1493 698 1572 imperare
719 1495 819 1584 atque
845 1493 1010 1572 imperata
1030 1493 1180 1573 exigere,
1279 1523 1280 1528 κ

232 1579 371 1638 eatenus
391 1571 550 1653 potestati
569 1572 726 1636 humanae
742 1589 801 1652 Jus
821 1576 893 1652 est,
917 1576 1080 1653 quatenus
1100 1591 1182 1638 cum
1277 1575 1280 1650 l

233 1657 395 1734 potestate
416 1653 476 1715 Dei
496 1652 580 1714 nihil
600 1650 796 1730 dissentiat,
819 1653 1067 1733 constitutoque
1096 1653 1183 1716 divi·

233 1735 325 1798 nitus
344 1733 443 1799 modo
464 1749 500 1796 se
520 1733 702 1797 contineat.
727 1733 771 1794 At
792 1749 870 1796 vero
891 1749 968 1795 cum
996 1733 1182 1814 quidquam
1269 1811 1272 1820 Ι

233 1816 423 1896 praecipitur
444 1813 532 1895 quod
553 1829 631 1875 cum
651 1811 767 1874 divina
793 1813 967 1876 voluntate
996 1817 1112 1892 aperte
1133 1814 1185 1876 di-

234 1900 384 1976 screpet,
406 1896 480 1957 tum
500 1894 602 1971 longe
624 1893 665 1954 ab
689 1893 746 1955 illc
777 1892 876 1956 modo
909 1891 1112 1971 disceditur,
1136 1895 1183 1957 si·

234 1977 370 2056 mulque
391 1991 469 2037 cum
488 1973 687 2036 auctoritate
715 1971 831 2036 divina
862 1973 1074 2051 confligitur:
1098 1991 1182 2054 ergo

235 2059 364 2118 rectum
385 2060 435 2117 est
455 2070 522 2116 non
540 2071 667 2135 parere.
847 2066 848 2070 ’

274 2135 397 2198 Contra
418 2135 639 2196 Liberottsmt
660 2133 819 2212 fautores,
843 2132 899 2214 qui
920 2133 1059 2197 herilem
1080 2136 1182 2215 atque

233 2214 363 2276 infinite
408 2215 556 2276 otentem
579 2212 708 2276 faciunt
737 2213 984 2294 principatum,
1008 2214 1181 2296 vitamque

235 2294 329 2357 nullo
360 2231 406 2356 ag
434 2294 540 2355 Deum
570 2296 722 2385 respectu
754 2291 942 2372 degendam
975 2293 1182 2374 pradicant,

232 2374 320 2436 hanc
341 2374 380 2436 de
402 2389 468 2454 qua
488 2373 658 2452 loquimur
679 2372 893 2453 conjunctam
908 2391 987 2437 cum
1004 2374 1182 2438 honestate

233 2454 462 2535 religioneque
483 2453 669 2516 libertatem
691 2453 828 2516 minime
848 2463 1059 2532 agnoscunt:
1081 2454 1183 2535 qu'us

232 2534 469 2600 conservanda
489 2549 608 2597 caussa
629 2533 658 2596 si
679 2534 758 2613 quid
778 2534 848 2612 fiat,
865 2535 989 2616 injuria
1009 2537 1042 2597 et
1062 2540 1183 2598 contra

233 2615 476 2697 rempublicam
501 2613 629 2677 iactum
660 2613 892 2678 criminentur.
921 2613 1013 2691 Quod
1045 2614 1074 2676 si
1101 2632 1182 2679 vere

234 2695 405 2776 dicerent,
427 2695 542 2758 nullus
573 2696 659 2757 esset
689 2697 760 2758 tam
788 2695 944 2758 immanis
965 2694 1180 2774 dominatus,
1278 2717 1279 2724 ¹

234 2777 288 2838 cui
312 2774 448 2838 subesse
469 2779 502 2838 et
524 2792 623 2855 quem
643 2773 729 2840 ferre
751 2792 819 2838 non
840 2780 1017 2855 oporteret.

275 2855 495 2918 Vehementer
525 2854 658 2936 quidem
686 2855 788 2917 vellet
809 2856 979 2935 Ecclesia,
1008 2855 1045 2917 in
1065 2872 1184 2918 omnes

216 2961 217 2966 κ
234 2933 423 3011 reipublicae
445 2933 575 2997 ordines
595 2935 677 3011 haec,
693 2952 769 3015 quae
783 2935 975 3002 summatim
990 2935 1182 3014 attigimus,

232 3012 413 3076 christiana
443 3013 644 3078 documenta
674 3031 709 3077 re
737 3031 868 3095 usuque
892 3020 1117 3096 penetrarent.
1142 3018 1183 3079 In

235 3093 278 3155 iis
308 3093 397 3154 enim
425 3109 557 3156 summa
581 3093 763 3158 efficacitas
789 3096 877 3159 inest
898 3094 941 3158 ad
963 3095 1112 3178 sananda
1125 3096 1186 3161 ho-

236 3189 314 3238 rum
335 3177 524 3251 temporum
545 3174 646 3254 mala,
668 3193 735 3239 non
758 3191 838 3240 sane
858 3192 966 3255 pauca
989 3193 1052 3239 nec
1072 3176 1183 3257 levia,

233 3269 339 3333 eaque
361 3267 522 3332 magnam
542 3255 671 3346 partem
693 3255 733 3318 iis
753 3255 837 3336 ipsis
857 3259 938 3319 nata
957 3256 1183 3337 libertatibus,

236 3351 310 3415 quae
330 3335 427 3396 tanta
448 3332 684 3425 praedicatione
706 3333 913 3414 efferuntur,
938 3338 971 3398 et
995 3335 1031 3399 in
1062 3337 1187 3418 quibus
1277 3327 1278 3410 l

228 3413 357 3477 'salutis
377 3413 560 3494 gloriaque
573 3414 703 3478 inclusa
717 3417 844 3480 semina
858 3417 1068 3482 videbantur.
1084 3419 1187 3561 Spem

238 3493 356 3558 fefellit
376 3494 497 3558 exitus.
522 3494 585 3558 Pro
602 3493 760 3574 jucundis
775 3500 808 3560 et
823 3496 1012 3560 salubribus
1027 3514 1103 3560 acer
1126 3498 1187 3562 iat
