2554 4182
519 255 698 318 -293-

122 368 250 446 eaptus
269 364 497 442 singulorum,
512 363 548 424 in
568 361 751 425 christiana
772 361 922 425 doctrina
943 379 1076 442 ponere,

121 461 310 525 earumque
331 461 455 522 rerum,
471 459 546 523 quae
565 443 763 520 religionem
776 443 961 522 continent,
979 459 1083 524 quas-

126 543 195 606 que
216 524 351 617 assequi
372 524 500 586 ratione
514 523 604 603 lieet,
620 521 746 602 majore
761 538 828 603 qua
841 526 950 602 potest
962 524 1082 586 notitia
1113 567 1119 590 .

123 609 281 668 mentem
302 603 464 667 imbuere.
479 603 627 684 Cumque
648 602 748 665 fidem
768 620 837 664 non
855 602 952 665 modo
967 604 1083 682 vigere

122 687 162 748 in
185 685 311 748 animis
331 684 584 763 incorruptam,
607 683 664 745 sed
685 681 828 745 assiduis
850 684 950 744 etiam
978 684 1083 746 inore-

123 765 253 830 mentis
286 768 440 844 oporteat
471 780 670 841 augescere,
694 762 846 826 iteranda
869 779 1018 842 persaepe
1039 764 1082 826 ad

124 847 238 909 Deum
260 846 313 907 est
333 845 473 924 supplex
495 847 596 923 atque
616 843 753 906 humilis
774 845 1009 924 Apostolorum
1023 844 1083 906 fla-

126 927 267 1004 gitatio,
291 928 428 1002 auaupe
448 925 549 986 uobis
569 925 672 996 tidem
694 926 716 986 ¹.

168 1006 297 1067 Verum
318 1003 354 1065 in
375 1005 439 1066 hoo
459 1002 576 1066 eodem
596 1019 739 1082 genere,
765 1004 853 1084 quod
874 1003 972 1065 fidem
994 1004 1082 1066 chri·

125 1086 273 1148 stianam
296 1083 450 1162 attingit,
474 1083 540 1146 alia
569 1089 648 1146 sunt
669 1082 789 1162 offioia,
814 1101 888 1164 quae
914 1084 1081 1146 observari

125 1168 288 1229 aoourate
310 1164 533 1244 religioseque
555 1164 584 1226 si
605 1164 724 1226 salutis
749 1181 876 1244 semper
905 1163 1080 1241 interfuit,

127 1246 194 1308 hae
215 1247 415 1322 tempestate
435 1246 553 1307 nostra
572 1243 713 1307 interest
737 1247 891 1307 maxime.
915 1279 953 1290 -
978 1245 1082 1306 Nimi-

125 1342 205 1388 rum
227 1327 262 1387 in
285 1324 360 1401 hao,
377 1341 480 1406 quam
501 1323 659 1403 diximus,
674 1328 771 1386 tanta
797 1329 908 1386 aotam
926 1324 994 1386 late
1008 1323 1083 1386 fusa

20 1411 25 1420 ’
126 1404 330 1485 opinionum
351 1406 493 1483 insania,
516 1403 665 1483 profecto
679 1404 1084 1484 patrocinium'susoipere

124 1483 297 1560 veritatis,
321 1501 516 1564 erroresque
537 1485 723 1547 exanimis
748 1485 902 1563 evellere,
924 1484 1083 1547 Eoolesiae

125 1583 255 1628 munus
277 1569 339 1643 est,
357 1565 457 1646 idque
479 1567 569 1627 omni
590 1567 739 1646 tempore
752 1569 932 1644 sancteque
948 1581 1083 1626 servan-

126 1646 223 1724 dum,
247 1647 328 1725 quia
347 1645 462 1711 honor
475 1644 559 1724 Dei,
582 1662 621 1706 ao
642 1645 734 1707 salus
760 1644 933 1706 hominum
956 1645 991 1706 in
1012 1645 1085 1724 ejus

123 1729 209 1790 sunt
229 1726 349 1788 tutela.
373 1729 418 1786 At
439 1741 530 1803 vero,
554 1742 631 1787 oum
652 1725 836 1788 nenessitas
857 1724 962 1802 cogit,
991 1725 1083 1788 inoo-

124 1807 321 1870 lumitatem
351 1803 430 1867 fidei
462 1804 548 1866 tueri
581 1821 648 1866 non
680 1804 706 1865 ii
736 1805 846 1866 solum
880 1803 1000 1866 debent
1025 1806 1082 1886 qni

127 1889 303 1968 praesunt,
327 1885 385 1946 sed
407 1886 550 1958 quilibet
574 1885 714 1948 tenerer
733 1886 834 1958 tidem
863 1901 964 1947 suam
998 1891 1081 1948 aliis

121 1971 329 2046 propalare,
345 1970 400 2028 oei
413 1967 458 2028 ad
473 1967 744 2027 instructionem
758 1969 911 2027 aliorum
924 1967 1080 2037 fidelium

123 2050 202 2110 sive
223 2047 539 2121 confirmationem,
563 2050 619 2107 nel
646 2049 691 2106 od
714 2048 977 2121 reprimendum
998 2048 1079 2118 inti·

123 2129 258 2190 delium
290 2126 557 2188 insultationem
579 2126 602 2186 2.
626 2123 748 2187 (ledere
768 2123 869 2203 hosti,
892 2125 944 2186 vel
965 2142 1081 2188 vocem

122 2222 298 2288 premere,
321 2222 399 2268 oum
421 2210 536 2268 tantus
556 2204 705 2285 undique
736 2203 962 2346 oqprimendae
993 2206 1081 2268 veri·

122 2288 190 2349 tati
211 2285 343 2351 tollitur
364 2285 512 2362 elamor,
536 2288 596 2346 aut
616 2284 734 2347 inertis
787 2287 905 2348 ominis
930 2290 999 2363 est,
1023 2290 1081 2349 ant

122 2367 164 2431 de
185 2366 240 2442 iis,
264 2383 340 2445 quae
360 2364 550 2446 profitetur,
564 2367 678 2426 utrum
693 2382 772 2427 vera
786 2366 865 2443 sint,
882 2364 1077 2430 dubitantis.

121 2448 315 2526 Utrumque
335 2449 446 2526 turpe,
463 2449 563 2526 atque
577 2444 780 2526 injuriosum
795 2447 879 2508 Deo:
897 2449 1077 2526 utrumque

120 2545 202 2590 oum
224 2526 437 2604 singulorum
459 2529 532 2587 tum
554 2524 723 2587 communi
744 2525 846 2587 saluti
867 2541 1074 2665 requgnans:

121 2607 206 2671 solis
226 2604 307 2669 fidei
328 2605 470 2667 inimicis
491 2604 724 2684 fructuosum,
747 2605 827 2686 quia
848 2606 903 2667 val
926 2622 944 2666 e
974 2609 1079 2683 auget

120 2685 295 2750 remissior
315 2685 497 2765 proborum
518 2701 618 2764 opera
640 2685 815 2748 audaciam
836 2683 1075 2764 improborum.

121 2803 161 2816 -
185 2768 301 2847 quue
323 2766 433 2843 magis
453 2764 712 2827 christianorum
727 2763 948 2845 vituperanda
964 2764 1080 2842 segni·

118 2849 198 2921 ties,
222 2843 302 2927 quia
322 2843 408 2908 falsa
427 2844 568 2907 erimina
589 2844 684 2924 dilui,
704 2845 942 2926 opinionesque
962 2862 1076 2924 pravae

120 2925 294 2990 oonfntari
327 2925 394 2987 levi
422 2923 583 3004 negotio,
613 2930 652 2986 ut
682 2925 887 3005 plurimum,
912 2929 1074 3005 possunt:

120 3007 251 3086 majore
272 3001 384 3086 aliquo
405 3021 481 3066 oum
503 3004 616 3076 labore
637 3022 767 3084 semper
788 3012 939 3085 possunt.
956 3006 1007 3069 Ad
1024 3023 1079 3068 ex·

120 3091 270 3150 tremum
314 3102 413 3148 nemo
433 3101 522 3146 unus
542 3084 736 3163 prohibetur
757 3102 829 3147 earn
858 3084 1016 3148 adhibere
1037 3104 1077 3149 ao

120 3184 193 3248 prae
216 3183 252 3229 se
273 3135 360 3227 ferre
401 3163 646 3243 fortitudinem,
671 3182 745 3246 quae
766 3165 901 3246 propria
920 3170 970 3227 est
991 3167 1077 3228 ohri-

121 3247 333 3312 stianornm:
356 3261 423 3326 qua
436 3244 511 3324 ipsa
525 3260 592 3307 non
607 3261 684 3307 raro
694 3244 798 3308 animi
811 3244 1077 3308 adversariorum

153 3448 400 3573 :gu'tfhffix'ssf'ss
418 3525 466 3574 qu.
483 3487 508 3572 3,
524 3514 579 3561 art.
596 3511 619 3574 2,
640 3509 678 3560 ad
692 3511 716 3561 2.
