2576 4180
430 547 689 666 LITTERAE
720 547 794 667 EN
798 545 1055 670 OYCLfflAE

328 798 479 873 oureus
500 798 908 883 auratosnruumuu
929 800 1153 862 tuarumuu

535 895 696 991 rrnauu
731 896 950 958 INDIOITUR

559 1420 660 1500 LEO
696 1423 777 1500 PP.
814 1421 922 1498 ΧΙΙΙ.

494 1655 775 1722 redundamus
800 1654 986 1721 FRATRES

366 1803 515 1852 sanorum
535 1804 576 1850 ur
598 1801 821 1848 arosromeau
842 1803 1107 1848 auuuurorrouuu

312 2008 625 2085 Qucd‘auctoritate
656 2008 848 2089 Apostolica
878 2008 980 2071 semel
1006 2008 1077 2088 jam
1090 2079 1096 2088 ,
1109 2011 1210 2090 atque

253 2145 256 2152 .
269 2089 390 2151 iterum
412 2087 629 2166 decrevimus,
652 2093 690 2150 ut
711 2106 820 2152 annus
835 2105 927 2151 sacer
941 2091 1012 2152 toto
1028 2089 1106 2152 orbe
1120 2090 1208 2152 chri-

270 2168 378 2231 stiano
400 2171 493 2230 extra
514 2168 661 2231 ordinem
683 2171 848 2247 ageretur,
873 2169 993 2233 oblatis
1023 2169 1110 2232 bono
1145 2187 1208 2250 pu-

269 2249 354 2312 blico
375 2248 558 2312 caelestium
580 2266 757 2312 munerum
778 2248 954 2327 thesauris,
978 2266 1120 2330 quorum
1157 2255 1209 2312 est

269 2331 305 2392 in
326 2330 446 2392 Nostra
467 2332 630 2409 potestate
663 2329 877 2409 dispensatio,
908 2329 998 2392 idem
1029 2329 1138 2408 placet
1174 2331 1210 2392 in
1283 2391 1284 2396 ,

270 2427 397 2473 annum
427 2409 637 2489 proximum,
670 2411 737 2473 Deo
768 2409 922 2488 favente,
958 2409 1146 2472 decernere.
1170 2445 1210 2454 -

270 2489 371 2570 Cujus
392 2491 519 2552 utilitas
540 2489 586 2551 rei
606 2489 724 2568 fugere
746 2508 816 2568 vos,
833 2489 1047 2553 venerabiles
1062 2491 1210 2570 Fratres

269 2588 482 2653 nequaquam
504 2572 613 2651 potest
634 2587 759 2648 gnaros
780 2573 968 2649 temporum
989 2587 1027 2632 ac
1057 2586 1208 2634 morum:

269 2651 327 2715 sed
349 2651 499 2732 quaedam
521 2650 704 2733 singularis
725 2651 809 2713 ratio
831 2650 921 2728 tacit,
945 2654 983 2712 ut
1003 2651 1037 2712 in
1051 2647 1116 2711 hoc
1130 2668 1210 2714 con·

260 2733 342 2794 silio
364 2733 486 2794 Nostro
508 2729 625 2810 major,
649 2747 750 2811 quam
764 2729 904 2793 fortasse
917 2729 1009 2803 alias,
1025 2729 1134 2792 inesse
1149 2748 1209 2810 op-

269 2811 460 2891 portunitas
480 2810 645 2874 videatur.
669 2809 892 2873 -Nimirum
916 2827 993 2873 cum
1024 2809 1063 2872 de
1090 2810 1211 2873 civita·

268 2891 360 2953 tibus
390 2891 560 2970 superiore
590 2891 731 2970 epistola
762 2890 941 2971 Encyclica
972 2889 1207 2967 docuerimus,

169 2997 172 3004 »
269 2971 384 3051 quanti
406 2971 551 3050 intersit,
571 2986 628 3033 eas
649 2970 691 3032 ad
712 2970 886 3033 veritatem
901 2969 1108 3050 formamque
1124 2970 1211 3034 ehri-

247 3077 248 3082 *
269 3050 412 3112 stianam
434 3051 570 3132 propius
591 3050 758 3130 accedere,
774 3050 920 3129 intelligi
928 3049 1001 3129 jam
1014 3050 1091 3112 lieet
1105 3067 1209 3132 quam

268 3130 313 3198 sit
332 3130 411 3192 huic
433 3131 496 3211 ipsi
516 3131 685 3210 proposito
707 3132 827 3194 Nostro
848 3133 1106 3193 consentaneum
1129 3130 1209 3192 dare

268 3227 413 3292 operam,
437 3210 699 3293 quibuscumque
730 3210 828 3274 rebus
862 3227 1048 3290 possumus,
1081 3214 1121 3273 ut
1154 3210 1207 3271 vel

268 3291 453 3354 excitentur
472 3291 623 3354 homines
643 3292 686 3354 ad
700 3291 896 3354 christianas
911 3291 1061 3368 virtutae,
1077 3290 1134 3353 vel
1153 3306 1205 3351 re·

268 3375 440 3434 vocentur.
463 3372 550 3434 Talis
571 3375 620 3433 est
634 3373 722 3434 enim
736 3371 865 3448 civitas,
882 3371 989 3451 qualis
1004 3370 1205 3450 populorum

267 3451 408 3530 fingitur
428 3452 590 3516 moribus:
614 3454 649 3514 et
669 3451 947 3533 quemadmodum
981 3454 1041 3514 aut
1075 3447 1204 3526 navigii

267 3536 327 3596 aut
347 3531 468 3595 aedium
488 3532 620 3596 bonitas
633 3549 675 3594 ex
690 3533 900 3610 singularum
920 3530 1041 3611 pendet
1054 3530 1205 3593 bonitate
