2484 4178
551 261 711 321 ..51-

153 362 359 443 perniciosos
370 364 483 442 gignit
493 366 704 446 maximaque
716 367 895 432 acerbitate
906 372 1097 449 permixtos.

153 443 248 505 Nam
267 461 307 506 ex
327 445 519 508 certissimis
533 445 672 521 indiciis,
689 465 762 528 quae
775 463 877 529 supra
897 468 1097 515 commemo-

153 523 321 598 ravimus,
337 526 480 606 erumpit
493 525 589 605 illud,
606 527 695 607 quod
716 532 766 590 est
786 530 1003 594 consiliorum
1025 550 1101 594 suo-

153 619 237 666 rum
260 605 429 685 ultimum,
456 606 580 668 scilicet
609 612 757 670 evertere
787 608 940 673 funditus
970 629 1101 675 omnem

154 700 247 760 eam,
268 702 369 764 quam
390 684 545 748 instituta
566 686 747 750 christiana
768 695 979 769 pepererunt,
1002 692 1102 755 disci-

151 764 285 842 plinam
317 766 492 843 religionis
521 767 636 848 reique
691 768 819 848 ubbcae,
842 787 1030 850 novamque
1059 773 1101 834 ad

153 844 336 922 ingenium
358 864 455 908 suum
477 850 638 924 extruere,
677 849 762 911 uotis
784 865 802 911 e
822 849 930 913 medio
945 854 1102 916 Natura-

157 929 262 987 lt'suro
283 924 509 989 fundamentis
530 931 564 988 et
584 928 726 1006 legibus.

202 1005 292 1085 Haec,
316 1025 390 1086 quae
411 1007 557 1070 diximus
577 1013 636 1069 aut
657 1008 778 1071 dicturi
799 1029 925 1086 sumus,
949 1010 989 1073 de
1011 1016 1101 1075 secta

156 1085 350 1152 Massonioa
370 1087 518 1164 intelligi
534 1093 663 1168 oportet
676 1093 827 1169 spectata
840 1091 874 1152 in
890 1109 1014 1170 genere
1028 1110 1100 1170 suc,

157 1169 196 1226 et
212 1170 376 1245 quatenns
391 1167 454 1230 sibi
469 1173 632 1250 cognatas
653 1168 898 1251 foederatesque
912 1174 1102 1252 complecti-

154 1252 219 1308 tur
239 1247 433 1311 societates:
464 1254 664 1311 nouantem
687 1249 726 1312 de
747 1251 966 1314 sectatoribus
987 1270 1102 1314 earum

154 1325 319 1403 singulis.
344 1329 544 1409 inquorum
567 1346 705 1392 numero
727 1332 840 1410 utique
862 1337 1002 1411 possunt
1016 1350 1099 1402 esse,

154 1421 223 1467 nec
243 1407 362 1486 pauci,
390 1408 447 1488 qni
475 1409 628 1489 quamvis
649 1411 748 1490 culpa
770 1429 835 1473 uon
857 1418 992 1474 careant
1013 1413 1102 1492 quod

154 1501 232 1548 sese
254 1487 350 1550 istius
371 1488 460 1550 modi
488 1489 713 1568 implicuerint
741 1491 965 1571 societatibus,
990 1497 1101 1554 tamen

154 1582 223 1628 nec
243 1567 311 1628 sint
331 1567 499 1647 flagitiose
519 1569 683 1633 factorum
705 1589 765 1649 per
785 1571 896 1651 seipsi
911 1572 1098 1652 participes,

154 1652 193 1709 et
216 1645 297 1708 illud
319 1649 475 1710 ultimum
497 1649 654 1727 ignorent
676 1650 763 1730 quod
778 1651 845 1712 illae
860 1652 1013 1714 nituntur
1034 1651 1102 1714 adi-

154 1726 254 1808 pisci.
271 1727 431 1790 Similiter
452 1745 493 1790 ex
514 1730 816 1793 consociationibns
830 1731 911 1809 ipsis
932 1734 1102 1793 nonnullae

154 1807 305 1870 sortasse
319 1826 529 1889 nequaquam
544 1809 686 1888 probant
700 1811 928 1872 conclusiones
942 1811 1101 1890 quasdam

153 1889 337 1968 extremas,
365 1905 458 1969 quas,
486 1903 562 1952 cum
593 1908 634 1952 ex
665 1889 836 1969 principiis
869 1892 1102 1954 communibus

154 1969 347 2031 necessario
369 1973 625 2051 consequantur,
643 1977 902 2034 consentaneum
925 1975 1011 2035 esset
1032 1990 1102 2034 am-

154 2049 301 2130 plexari,
328 2051 393 2112 nisi
424 2067 483 2130 per
511 2067 545 2112 se
566 2050 718 2113 ioeditate
749 2070 809 2113 sua
836 2052 1008 2132 turpitudo
1029 2053 1102 2131 ipsa

154 2130 350 2191 deterreret.
377 2131 462 2192 Item
491 2131 672 2193 nonnullas
701 2133 849 2194 locorum
871 2139 1102 2212 temporumve

155 2207 248 2271 ratic
269 2209 388 2272 suadet
408 2212 539 2273 minora
559 2211 696 2290 conari,
722 2229 823 2353 paam
851 2217 910 2273 aut
934 2214 1013 2292 ipsse
1035 2212 1103 2274 vel-

153 2291 313 2351 lentant
334 2295 452 2352 ceterae
475 2292 598 2354 solent:
623 2309 690 2354 non
711 2290 722 2352 i
746 2292 832 2354 circo
854 2297 963 2354 tamen
987 2292 1102 2354 aliena

153 2388 177 2432 a
201 2369 387 2433 Massonico
418 2370 543 2433 foedere
571 2371 742 2453 putandae,
768 2374 847 2452 quia
878 2371 1100 2434 Masscnicum

152 2448 268 2512 foedus
297 2468 365 2513 non
397 2454 467 2513 tam
499 2456 547 2514 est
579 2453 620 2515 ab
642 2454 725 2514 actis
749 2452 968 2532 perfectisque
990 2451 1099 2532 rebus,

154 2539 262 2611 qnam
277 2548 297 2590 a
312 2531 557 2606 sententiarum
573 2549 704 2595 summa
715 2531 945 2610 judicandum.

200 2611 360 2673 Jamvero
391 2613 674 2676 Naturalistarum
705 2615 808 2692 caput
838 2614 906 2688 est,
934 2610 1022 2691 quod
1041 2629 1101 2673 no-

155 2691 249 2752 mine
271 2691 345 2771 ipso
367 2692 448 2754 satis
470 2692 655 2768 declarant,
665 2691 847 2754 humanam
865 2698 1019 2753 naturam
1040 2691 1102 2752 hu·

154 2788 361 2852 manumque
383 2773 543 2835 rationem
564 2773 694 2836 cunctis
726 2771 760 2833 in
783 2773 881 2834 rebus
902 2772 1100 2848 magistram

154 2867 230 2913 esse
251 2858 286 2914 st
307 2851 488 2933 principem
510 2857 672 2932 oportere.
691 2854 760 2928 Quo
782 2851 977 2928 constitute,
993 2851 1101 2913 officia

154 2949 243 3010 erga
262 2933 371 2993 Deum
393 2935 445 2994 vel
460 2932 571 2994 minus
592 2939 722 3008 curant,
740 2933 793 2994 vel
807 2932 1016 3012 opinionibus
1029 2949 1102 3010 per-

153 3016 297 3074 vertunt
308 3011 497 3075 errantibus
511 3018 544 3074 et
555 3014 663 3091 vagis.
679 3014 812 3090 Negant
824 3014 911 3074 enim
924 3013 1101 3092 quicquam

153 3109 231 3154 esse
252 3093 321 3154 Deo
343 3096 477 3155 auctore
510 3093 692 3154 traditum:
727 3095 856 3154 nullum
888 3092 1030 3170 probant
1061 3091 1101 3152 de

153 3171 324 3250 religione
348 3172 483 3251 dogma,
511 3173 593 3235 nihil
625 3173 708 3252 veri,
730 3172 818 3253 quod
839 3190 906 3235 nou
927 3171 1100 3233 hominnm

153 3253 387 3332 intelligentia
417 3253 696 3333 comprehendat.
723 3254 854 3315 nullum
883 3251 1097 3329 magistrum,

153 3334 214 3396 cui
236 3337 370 3414 propter
391 3335 625 3396 auctoritatem
657 3332 756 3396 officii
788 3333 832 3396 sit
857 3331 933 3411 jure
964 3330 1099 3393 creden-

154 3415 251 3477 dum.
279 3413 441 3488 Quoniam
461 3418 572 3475 autem
594 3431 716 3476 munus
738 3416 788 3475 est
809 3412 963 3474 Ecclesia
984 3411 1099 3473 catho-

153 3495 233 3558 licae
255 3493 428 3572 singulare
448 3493 576 3574 sibique
603 3494 699 3556 unice
729 3492 901 3572 proprium
933 3491 1099 3554 doctrinas
