2484 4178
423 281 584 340 ..49-

53 401 236 465 marramque
257 385 427 448 notionem
456 384 627 447 societatis
648 384 854 466 domesticae,
878 384 977 466 cujus

52 465 147 526 estin
165 465 379 529 matrimonio
399 464 474 528 fons
496 470 530 528 et
551 465 659 544 origo,
684 465 844 528 tuendam
866 470 898 528 et
919 484 974 528 ex·

54 544 227 623 plicandam
248 547 449 608 curavimus:
465 545 506 607 iis
520 545 666 625 insuper,
683 562 825 638 quarum
841 545 975 608 initium

55 627 395 700 deiciunturtamen»
412 627 584 705 potestatis
606 627 750 704 politrcae
772 626 912 688 sormam
934 627 976 688 ad

56 706 203 786 principia
232 705 421 769 christiana
452 706 622 786 sapientiae
646 721 836 785 expressam
859 723 977 786 propo·

55 785 179 865 suimuS,
193 804 271 848 cum
292 787 366 866 ipsa
386 804 497 848 rerum
519 790 652 864 natura,
679 803 755 847 cum
777 787 975 866 populorum

56 865 290 948 principumque
320 867 428 929 salute
458 865 597 929 mirifice
624 866 855 928 cohaerentem.
880 867 977 929 Nunc
1069 859 1075 869 '

56 949 163 1022 autem,
188 947 406 1009 Decessorum
426 947 623 1008 Nostrorum
645 947 807 1026 exemplo,
833 946 869 1007 in
890 947 978 1008 Mas-

56 1026 185 1088 sonioam
205 1027 314 1107 ipsam
335 1027 537 1100 societatem,
554 1027 587 1087 in
603 1025 789 1089 doctrinam
811 1027 883 1105 ejus
904 1026 978 1088 uni·

58 1122 179 1180 versam,
195 1116 228 1168 et
250 1107 398 1186 consilia,
414 1111 447 1169 et
467 1106 632 1170 sentiendi
654 1106 927 1169 consuetudinem
942 1109 977 1170 et

57 1185 173 1264 agendi,
189 1187 338 1250 animum
361 1189 450 1250 recta
471 1185 644 1250 intendere
668 1185 887 1258 decrevimus
912 1203 977 1266 quo

16 1339 18 1346 γ
58 1265 100 1326 vis
116 1266 200 1329 illius
213 1267 363 1329 malefica
383 1266 494 1344 magis
514 1267 688 1346 magisque
708 1267 905 1346 illustretur,
927 1266 978 1328 id-

57 1361 110 1424 que
121 1347 228 1409 valeat
241 1347 284 1410 ad
300 1348 440 1410 funestae
454 1347 557 1428 pestis
570 1347 776 1427 prohibenda
786 1347 956 1426 contagia.

90 1425 189 1490 Variae
219 1432 300 1490 sunt
330 1428 504 1490 hominum
531 1432 642 1503 sectae,
668 1445 742 1507 quae
774 1444 978 1508 quamquam

58 1507 182 1585 nomine,
206 1509 286 1586 ritu,
310 1507 427 1582 forma,
454 1507 584 1585 origine
606 1505 808 1585 differentes,
832 1525 908 1570 cum
929 1510 980 1568 ta·

58 1601 121 1648 men
139 1587 371 1651 communione
399 1587 541 1669 quadam
568 1588 728 1667 propositi
756 1605 979 1649 summarum·

57 1681 110 1743 que
127 1668 367 1730 sententiarum
386 1667 604 1731 similitudine
625 1667 710 1728 inter
732 1684 767 1729 se
788 1667 981 1729 continean-

58 1749 114 1824 tur,
136 1765 169 1810 re
200 1752 394 1827 congruunt
426 1766 502 1810 cum
537 1752 629 1810 secta
659 1747 872 1826 Massonum,
906 1764 980 1828 quae

57 1824 215 1904 cujusdam
236 1833 287 1890 est
310 1829 414 1891 instar
435 1829 542 1890 centri
574 1826 663 1889 unde
695 1827 819 1889 abeunt
850 1835 883 1887 et
914 1843 979 1906 quo

59 1908 179 1970 redeunt
201 1910 379 1972 universae.
406 1909 484 1984 Quae
516 1907 669 1988 quamvis
700 1925 789 1969 nunc
809 1907 899 1968 nolle
920 1906 979 1968 ad-

59 1986 176 2049 modum
192 1989 370 2051 videantur
384 1988 487 2051 latere
500 1987 537 2049 in
552 1987 708 2068 tenebris,
725 1991 759 2049 et
779 2003 858 2050 suos
871 1988 979 2065 agant

59 2071 147 2129 coetus
176 2068 212 2130 in
241 2069 316 2131 luce
346 2069 515 2148 oculisque
546 2068 683 2147 civium,
710 2072 743 2128 et
773 2085 851 2130 suas
880 2065 981 2129 edent

58 2145 276 2226 ephemeridas,
303 2148 522 2211 nihilominus
543 2153 666 2225 tamen,
693 2165 729 2209 re
749 2148 883 2227 penitus
905 2164 979 2228 per-

59 2231 164 2305 specta,
184 2245 293 2306 genus
313 2230 509 2292 societatum
532 2228 814 2290 clandestinorum
836 2245 978 2290 morem·
1007 2297 1010 2304 ,

59 2321 111 2384 qne
129 2310 283 2372 retinent.
300 2309 401 2371 Plura
422 2309 542 2389 quippe
563 2309 598 2371 in
620 2309 660 2370 iis
681 2311 761 2370 sunt
782 2307 911 2370 arcanis
932 2307 979 2370 si·

61 2386 144 2467 milia,
161 2406 235 2471 quae
249 2389 316 2452 non
330 2394 484 2452 externos
499 2388 618 2463 solum,
636 2388 692 2450 sed
708 2389 865 2466 gregales
880 2387 981 2449 etiam

61 2463 127 2530 bene
156 2470 281 2532 multos
311 2469 573 2550 exquisitissima
603 2469 778 2545 diligentia
801 2466 903 2530 celari
925 2468 980 2529 lex

61 2551 107 2608 est:
126 2549 310 2630 cujusmodi
332 2554 412 2612 sunt
427 2551 547 2610 intima
568 2553 668 2630 atque
688 2548 808 2612 ultima
829 2546 977 2622 consilia,

63 2630 164 2691 summi
185 2630 368 2692 factionum
394 2629 581 2709 principes,
608 2629 740 2691 occulta
771 2627 921 2707 quaedam
948 2631 983 2688 et

63 2704 198 2773 intestina
219 2710 475 2772 conventicula:
498 2711 578 2771 item
601 2709 743 2786 decreta,
768 2711 802 2769 et
827 2724 892 2787 qua
914 2706 978 2785 via,
1045 2779 1050 2788 ¹

63 2787 161 2862 quibus
182 2790 316 2852 auxiliis
337 2789 550 2869 perficienda.
574 2789 648 2850 Huc
669 2804 749 2850 sane
763 2787 845 2849 facit
866 2786 982 2848 multi-

64 2865 124 2940 plex
141 2869 225 2933 illud
244 2871 332 2932 iuter
346 2869 453 2933 socios
473 2869 651 2932 discrimen
671 2871 704 2930 et
721 2867 808 2947 juris
830 2873 863 2928 et
884 2865 984 2928 officii

64 2949 88 3004 et
104 2951 265 3014 muneris:
298 2951 365 3012 huo
396 2954 470 3012 rata
501 2949 655 3013 ordinum
677 2948 910 3026 graduumque
932 2945 982 3008 di-

64 3025 188 3110 stinctio,
204 3037 239 3095 et
252 3031 322 3107 illa,
339 3048 404 3111 qua
417 3033 595 3108 reguntur,
608 3028 769 3091 severitas
784 3027 980 3106 disciplinae.

66 3103 193 3174 luitiales
213 3109 388 3192 spondere,
403 3111 505 3172 immo
525 3109 692 3189 praecipuo
706 3111 914 3170 sacramento
925 3107 982 3184 ju-

66 3199 123 3249 rare
139 3195 175 3252 ut
195 3189 379 3272 plurimum
399 3190 573 3270 jubentur,
600 3188 727 3251 nemini
756 3206 791 3250 se
823 3187 891 3248 ullo
919 3204 982 3248 un-

67 3278 147 3339 llam
166 3275 314 3351 tempore
335 3271 449 3333 ullove
469 3268 567 3332 modo
588 3269 705 3348 socios,
729 3272 836 3346 notas,
865 3265 984 3328 doctri-

67 3357 113 3406 nes
137 3349 351 3414 indicaturos.
381 3349 435 3414 Sic
469 3349 629 3412 ementita
664 3348 772 3428 specie
803 3345 989 3426 eodemque

67 3438 173 3508 semper
192 3435 309 3494 tenore
323 3429 547 3493 simulationis
569 3446 667 3510 quam
689 3427 833 3490 maxime
854 3427 982 3488 Masso-

116 3524 196 3592 IIpr‘at.
213 3527 325 3596 Bargul.
342 3526 442 3579 Leonis
460 3523 514 3579 ΡΡ.
531 3526 611 3577 XIII
906 3523 922 3571 4
