2554 4182
646 299 685 308 —
707 265 765 326 338
785 299 819 308 -·

266 377 486 438 necessarius
518 373 562 433 od
593 373 710 434 actum
741 373 887 434 uirtutis
917 373 938 434 ¹.
962 373 1121 434 Jamvero
1154 372 1211 436 his

265 451 433 535 pariendis
452 451 549 516 bonis
570 456 620 513 est
640 452 893 530 proletariorum
921 453 1066 516 maxime
1087 452 1208 516 efficax

266 551 306 597 ao
327 532 531 596 necessarius
552 532 657 610 labor,
680 532 751 594 sive
782 531 817 593 in
848 534 939 612 agris
971 537 1077 597 artem
1102 539 1210 614 atque

266 631 415 693 manum,
437 613 508 676 sive
529 612 564 675 in
585 611 726 675 officinis
747 618 935 677 exerceant.
960 614 1067 678 Immo
1088 630 1207 677 eorum

265 695 299 757 in
321 695 383 757 hoc
404 710 527 772 genere
547 693 600 754 vis
627 696 678 755 est
708 694 809 773 atque
840 692 1017 756 efficientia
1038 699 1144 772 tanta,
1168 697 1210 755 ut

266 773 352 838 illud
373 773 583 837 verissimum
604 773 658 852 sit,
680 789 746 835 non
772 773 905 836 aliunde
927 792 1027 854 quam
1048 793 1086 836 ex
1111 774 1208 866 opifi-

265 872 343 918 oum
364 854 476 918 labore
497 852 594 934 gigni
611 853 744 915 divitias
765 853 950 917 civitatum.
973 855 1074 918 lubet
1093 853 1207 932 igitur

265 935 418 1017 nequitae,
441 952 556 998 curam
577 932 616 995 dc
637 934 814 1012 proletario
837 934 968 1014 publice
989 934 1080 1013 geri,
1103 939 1142 997 ut
1163 950 1208 996 ex

266 1032 317 1092 eo,
339 1014 427 1096 quod
458 1015 493 1077 in
519 1030 728 1076 communem
759 1012 857 1077 affert
888 1015 1078 1095 utilitatem,
1101 1015 1207 1094 perci·

266 1096 336 1179 piat
357 1095 425 1176 ipse
447 1094 581 1176 aliquid,
605 1102 642 1155 ut
666 1096 784 1172 tectus,
800 1100 839 1157 ut
860 1095 1014 1173 vestitus,
1031 1105 1069 1158 ut
1090 1097 1207 1158 salvus

265 1177 369 1237 vitam
391 1176 531 1238 tolerare
552 1174 662 1236 minus
683 1190 774 1251 aegre
796 1175 908 1258 possit.
926 1174 1022 1239 Unde
1036 1176 1209 1256 consequi-

266 1261 332 1328 tur,
349 1254 529 1318 favendum
551 1255 651 1317 rebus
671 1254 825 1317 omnibus
845 1272 915 1319 esse
936 1273 1010 1336 quae
1023 1255 1209 1318 conditioni

265 1335 420 1416 opificum
441 1352 573 1417 quoquo
596 1334 692 1398 modo
715 1334 891 1398 videantur
913 1335 1105 1415 prointnrae.
1122 1337 1206 1412 Quae

265 1433 345 1479 cura
364 1419 497 1479 tantum
519 1415 612 1478 abest
633 1419 670 1478 ut
691 1420 809 1478 noceat
829 1416 996 1496 cuiqnam,
1021 1424 1060 1478 ut
1088 1417 1205 1498 potins

264 1495 440 1578 profutura
470 1497 513 1559 sit
542 1494 717 1572 universis,
741 1496 820 1576 quia
850 1513 917 1559 non
949 1513 1020 1560 esse
1050 1497 1209 1560 omnibus

243 1576 370 1644 modis
391 1593 447 1639 eos
469 1576 616 1654 miseros,
635 1595 655 1637 a
676 1575 797 1656 quibus
817 1579 887 1641 tam
909 1577 1095 1640 necessaria
1115 1577 1206 1640 bona

264 1657 531 1738 proficiscuntur,
556 1673 690 1735 prorsus
712 1659 848 1719 interest
869 1657 1070 1737 reipublicae.

305 1739 379 1800 Non
400 1738 516 1815 civem,
532 1742 571 1799 ut
591 1735 746 1814 diximus,
765 1754 832 1799 non
852 1736 1014 1800 familiam
1034 1737 1207 1801 absorberi

266 1817 475 1899 erepublica
495 1827 623 1879 rectum
646 1821 713 1879 est:
737 1834 832 1879 snam
854 1819 987 1898 utrique
1008 1817 1208 1881 facultatem

265 1897 388 1977 agendi
401 1915 478 1960 cnm
492 1897 644 1960 libertate
664 1896 855 1977 permittere
871 1914 1004 1978 aequum
1019 1902 1080 1975 est,
1098 1915 1206 1978 quan-

265 1980 337 2041 tum
358 1977 518 2041 incolumi
539 1977 625 2040 bono
647 1977 813 2039 communi
845 1982 878 2040 et
909 1979 983 2041 sine
1006 1978 1207 2060 ouJusqnam

264 2057 390 2138 injuria
410 2061 530 2138 potest.
555 2056 782 2120 Nihilominus
803 2057 858 2135 eis,
883 2059 939 2138 qui
960 2059 1137 2139 imperant,
1156 2059 1207 2120 vi-

265 2138 410 2202 dendum
440 2141 483 2200 ut
499 2138 775 2200 communitatem
796 2137 934 2219 ejusque
954 2145 1066 2220 partes
1087 2144 1207 2202 tuean-

265 2220 331 2280 tur.
348 2217 625 2281 Oommunitatem
647 2217 793 2298 quidem,
810 2219 929 2299 quippe
947 2236 1048 2300 qnam
1063 2236 1205 2282 snmmae
1267 2215 1268 2228 ¹

264 2297 423 2378 potestati
453 2298 716 2361 conservandam
747 2302 869 2361 natura
900 2299 1069 2363 commisit
1096 2317 1204 2380 usque

264 2395 314 2459 ee,
331 2381 369 2440 nt
413 2377 532 2441 ublicae
553 2377 703 2442 custodia
717 2378 837 2442 salutis
852 2396 918 2442 non
934 2379 1032 2443 modo
1046 2396 1206 2460 suprema

264 2460 328 2538 lex,
352 2395 411 2522 seg
430 2459 503 2521 tota
523 2476 641 2522 caussa
664 2459 708 2521 sit
722 2459 873 2540 ratioque
889 2460 1112 2552 principatus:
1130 2478 1207 2541 par-

263 2542 315 2604 tes
335 2557 426 2618 vero,
449 2539 528 2621 quia
552 2539 820 2619 procurationem
853 2541 1041 2620 reipublicae
1071 2558 1140 2604 non
1161 2541 1207 2604 ad
1266 2575 1267 2578 π

265 2621 442 2684 utilitatem
473 2637 599 2696 eorum,
623 2619 744 2700 quibus
774 2621 951 2683 commissa
981 2623 1043 2698 est,
1073 2620 1131 2684 sed
1159 2621 1205 2683 ad

263 2717 391 2779 eorum,
414 2701 470 2782 qui
491 2699 660 2763 commissi
680 2703 772 2781 sunt,
794 2703 916 2764 natura
937 2701 1113 2782 pertinere,
1129 2701 1206 2781 phi-

262 2781 414 2862 losophia
446 2781 570 2861 pariter
601 2783 635 2842 et
666 2779 747 2843 fides
770 2780 954 2844 christiana
974 2781 1202 2846 consentiunt.

262 2861 409 2942 Cumque
439 2861 621 2942 imperandi
651 2859 795 2923 facultas
825 2861 1055 2940 proficiscatur
1076 2881 1095 2924 a
1120 2862 1204 2935 Deo,

262 2940 400 3021 ejusque
422 2942 465 3003 sit
485 2941 743 3006 communicatio
765 2940 916 3021 quaedam
937 2943 1061 3006 summi
1107 2942 1207 3005 rinol-

263 3025 371 3101 patns,
387 3022 537 3100 gerenda
558 3021 600 3085 ad
622 3023 792 3102 exemplar
806 3025 857 3084 est
878 3023 1053 3102 potestatis
1088 3022 1203 3102 rvinae,

262 3117 331 3163 non
351 3103 461 3162 minus
488 3103 587 3166 rebus
619 3103 767 3195 singulis
794 3119 895 3184 quam
926 3103 1090 3166 universis
1120 3120 1205 3166 onra
1264 3129 1265 3164 ;

285 3184 399 3244 aterna
420 3182 634 3246 consulentis.
658 3181 691 3243 Sr
712 3182 792 3264 quid
813 3183 918 3262 igitur
939 3182 1130 3246 detrimenti
1152 3183 1205 3246 al·

261 3197 369 3324 fatum
389 3261 435 3323 sit
455 3264 514 3325 aut
535 3262 725 3344 impendeat
747 3264 845 3326 rebus
865 3262 1118 3357 communibus²
1141 3265 1205 3326 aut

262 3342 474 3421 singulorum
496 3342 649 3406 ordinum
670 3342 877 3420 rationibus,
899 3343 987 3425 quod
1008 3359 1121 3406 sanari
1142 3349 1207 3407 aut

293 3519 302 3553 ¹
320 3519 346 3572 S.
363 3519 461 3572 Thom.
477 3519 520 3572 De
537 3534 598 3584 reg.
615 3519 742 3584 Princip.
761 3523 782 3585 1,
800 3535 824 3576 o.
841 3522 878 3575 15.
