2576 4180
484 226 664 287 -185-

104 351 173 414 que
194 333 253 396 illa
273 333 357 414 ipsa,
381 349 455 414 quae
476 331 577 395 Nobis
598 332 800 408 conceditur,
824 348 927 393 usura
948 330 1047 393 liber-

103 415 200 492 tatis,
223 431 299 476 cum
322 414 404 494 eripi
419 416 477 476 aut
491 412 646 475 imminui
661 412 769 474 alieno
783 410 887 492 possit
898 411 1046 490 arbitrtu,

102 497 237 556 eertum
258 494 447 557 nonhabet
477 492 669 555 stabilitatis
700 493 961 571 constantiaeque
992 491 1049 553 fir-

105 577 329 637 mamentum.

147 655 282 717 Interea
304 653 495 736 quotidiano
516 670 627 716 rerum
649 670 713 714 usu
734 652 946 714 manifestum
983 656 1046 728 est,

5 795 9 804 ,
102 736 274 796 malorum
287 734 522 812 contagionem
537 734 646 812 magis
661 731 835 812 magisque
847 749 977 812 serpere
990 750 1048 812 per

102 815 273 895 reliquum
284 815 474 878 christiana
488 814 679 894 reipublicae
692 831 823 894 eorpus,
836 811 921 874 etad
935 813 1048 892 plures

1 923 3 938 r
103 895 300 975 propagari.
325 895 456 958 Etenim
477 911 604 957 aversae
624 894 666 956 ab
688 893 838 956 Ecclesia
863 898 981 970 gentes
1011 892 1048 955 in

103 975 259 1038 miserias
280 975 430 1037 incidunt
451 974 598 1055 quotidie
618 973 776 1055 majores;
799 976 900 1053 atque
922 972 979 1034 ubi
1000 991 1048 1036 se·

103 1055 173 1120 mel
195 1055 344 1118 extincta
366 1058 425 1118 aut
445 1054 616 1118 debilitata
636 1054 718 1116 fides
740 1054 904 1116 catholica
929 1053 983 1132 sit,
1006 1053 1045 1115 fi-

103 1135 263 1197 nitimum
284 1139 335 1198 est
356 1136 419 1198 iter
440 1134 482 1197 ad
502 1134 697 1215 opinionum
719 1133 884 1196 insaniam
919 1151 1046 1197 rerum-

1 1263 2 1266 *
104 1233 173 1296 que
195 1233 358 1279 novarum
379 1215 607 1295 cupiditatem.
634 1214 723 1294 Ejus
754 1219 877 1286 autem,
910 1213 966 1294 qui
988 1215 1047 1278 Dei

1 1331 2 1370 ;
104 1296 199 1357 vices
220 1295 255 1358 in
276 1297 372 1359 terris
394 1297 492 1375 gerit,
515 1295 662 1358 maxima
683 1298 715 1356 et
736 1294 943 1358 nobilissima
958 1299 1049 1375 pote-

105 1379 197 1438 state
218 1380 419 1456 contempta
442 1377 653 1456 perspicuum
675 1379 735 1454 est,
751 1376 862 1438 nullos
877 1374 1049 1439 homiuum

2 1483 3 1486 ¹
105 1456 302 1518 auctoritati
322 1454 434 1519 frenos
455 1473 625 1538 superesse
645 1460 715 1518 tam
737 1455 876 1535 validos,
896 1459 953 1536 qui
975 1474 1049 1535 pos·

1 1527 3 1588 ἵ
102 1537 175 1598 sint
195 1536 375 1600 indomitos
405 1537 626 1617 perduellium
658 1535 795 1615 spiritus
826 1553 1046 1615 compescere,

1 1623 2 1674 1
104 1619 168 1678 aut
198 1617 352 1680 ardorem
383 1618 546 1681 dementis
576 1616 740 1680 libertatis
767 1616 802 1677 in
831 1617 1048 1680 multitudine

1 1701 2 1736 r
104 1713 269 1760 coercere.
293 1732 331 1742 —
353 1701 461 1778 Atque
481 1698 535 1760 his
556 1696 595 1760 de
610 1697 738 1759 caussis
752 1696 861 1759 civilis
874 1695 1047 1759 hominum

1 1781 2 1856 j
104 1776 260 1856 sociatae,
293 1777 356 1840 etsi
387 1795 529 1855 magnas
558 1778 626 1857 jam
658 1777 865 1839 calamitates
888 1777 1045 1856 suscepit,

1 1921 2 1930 ,
103 1857 273 1936 majorum
288 1861 399 1921 tamen
413 1857 635 1939 periculorum
650 1856 837 1950 suspicione
851 1860 1004 1920 terretur.

1 1951 2 1972 i
147 1939 219 2012 Quo
240 1937 517 2016 igiturEcclesia
547 1941 647 2018 queat
676 1937 887 1999 inimicorum
907 1942 1047 2000 conatus

100 2017 262 2090 refutare,
280 2035 444 2099 suumque
458 2035 591 2095 munus,
607 2017 765 2080 utilitatis
780 2017 931 2080 omnium
946 2036 1043 2080 oaus-

102 2116 152 2174 sa,
177 2097 344 2176 perficere,
367 2100 512 2161 multum
542 2098 671 2178 laboret
702 2115 832 2160 necesse
865 2102 926 2175 est,
961 2098 1047 2160 mul·

102 2181 245 2257 tumque
265 2178 455 2241 contendat.
480 2179 519 2239 In
540 2179 602 2240 hoc
623 2181 739 2240 autern
756 2179 936 2240 certamine
950 2179 1048 2242 vehe-

104 2257 216 2320 menti
238 2261 271 2321 et
291 2259 396 2338 vario,
419 2259 453 2320 in
475 2277 539 2339 quo
561 2263 594 2320 et
616 2257 728 2320 divina
749 2258 863 2336 agitur
877 2259 998 2338 gloria,
1015 2261 1047 2320 et

1 2383 2 2402 t
106 2337 148 2400 de
172 2336 281 2401 salute
303 2339 490 2402 animorum
505 2338 704 2420 sempiterna
718 2338 906 2416 dimicatur,
922 2339 1047 2402 frustra

104 2422 195 2480 esset
217 2420 324 2481 omnis
343 2419 519 2482 hominum
539 2419 648 2481 virtus
669 2422 701 2480 et
714 2418 887 2496 industria,
904 2419 970 2482 nisi
983 2436 1046 2480 cae·

1 2545 2 2566 2
103 2498 206 2561 lestia
227 2499 421 2580 adjumenta
442 2499 733 2593 suppeditarentur
754 2502 942 2578 opportuna
962 2502 1046 2560 tem-

102 2577 316 2661 poribus-
338 2581 443 2656 Quare
459 2598 494 2642 in
510 2579 649 2659 trepidis
663 2579 858 2659 afflictisque
873 2578 1046 2641 christiani

103 2658 252 2722 nominis
273 2659 382 2734 rebus,
405 2659 468 2723 hoc
490 2676 619 2739 semper
649 2660 801 2722 laborum
823 2675 862 2720 ac
882 2657 1044 2721 sollicitu-

1 2761 2 2796 1
104 2738 221 2801 dinum
245 2740 438 2819 perfugium
452 2757 523 2802 esse
538 2739 722 2817 consuevit,
739 2739 877 2801 summis
891 2738 1044 2819 precibus

1 2851 2 2902 g
105 2820 217 2881 aDeo
250 2821 429 2901 postulare,
467 2823 506 2882 ut
538 2820 758 2900 opitularetur
792 2818 958 2882 laboranti
983 2820 1045 2881 Ec-

1 2913 3 2970 :
104 2899 215 2962 clesiae
236 2917 317 2977 suae,
341 2901 590 2982 impertiretque
622 2899 838 2978 depugnandi
870 2900 1042 2980 virtutem,

1 2989 2 3000 ¹
103 2979 335 3060 triumphandi
355 2983 565 3060 potestatem.
589 3011 628 3023 -
649 2981 747 3042 Hunc
761 2981 867 3057 igitur
882 2982 950 3044 Nos
963 2997 1046 3059 prae·

1 3063 2 3088 ³
103 3060 233 3122 clarum
254 3077 379 3123 morem
403 3060 677 3140 disciplinamque
710 3061 874 3141 majorum
906 3061 1041 3137 imitati,

1 3153 2 3214 ᾗ
103 3157 182 3202 eum
203 3140 305 3220 probe
325 3141 568 3220 intelligamus,
591 3143 685 3203 tanto
706 3141 811 3203 Deum
832 3141 941 3219 magis
973 3157 1044 3202 esse

1 3226 4 3282 J
105 3220 321 3300 exorabilem,
345 3227 469 3302 quanto
501 3222 537 3284 in
561 3220 766 3283 'hominibus
785 3221 891 3300 major
923 3223 973 3284 est
995 3221 1046 3282 vis

1 3297 2 3344 ἕ
105 3299 304 3380 poenitendi,
337 3301 522 3381 gratiaeque
548 3319 624 3363 cum
646 3319 683 3364 eo
705 3301 955 3363 reconciliandae
986 3318 1044 3362 vo-

1 3437 2 3454 ,
104 3381 229 3459 luntas,
253 3381 388 3458 ideirco,
412 3381 553 3444 caelestis
573 3381 716 3461 praesidii
731 3380 930 3461 impetrandi
945 3383 1045 3460 atque
1096 3410 1098 3413 ·

1 3497 2 3526 r
106 3460 297 3538 animorum
315 3460 543 3541 juvandorum
563 3479 690 3539 caussa,
715 3478 845 3523 sacrum
864 3460 1043 3523 Jubilaeum
