2496 4172
651 99 678 128 d

522 264 705 325 -179-

1 352 6 457 ξ
140 371 176 434 11
192 389 279 435 1111
293 370 429 435 1111111
444 370 660 433 visitantibus
674 373 784 433 certas
806 370 970 432 Ecclesias
991 369 1081 432 intra

1 457 2 470 ¹
135 455 169 514 et
184 456 279 515 extra
291 451 409 516 urbem
423 455 640 514 memoratam
654 449 788 513 concedi
802 449 987 528 consuevit,
1002 466 1079 513 con·

139 530 288 595 cedimus
303 536 337 595 et
361 531 586 612 impertimus;
612 534 799 593 annuentes
823 531 923 592 etiam
948 534 986 593 ut
1010 531 1081 593 haec

138 611 355 690 indulgentia
370 611 555 690 animabus,
572 629 646 692 quae
660 611 728 673 Deo
743 610 779 672 in
793 610 930 673 caritate
945 611 1018 692 conj
1022 629 1083 674 un·

140 696 204 754 ctae
218 709 261 754 ex
276 693 339 755 hac
354 693 424 755 vita
436 692 667 770 migraverint,
684 708 744 770 per
763 691 899 753 modum
923 689 1081 770 suffragii

140 772 305 852 applicari
342 774 422 836 ossit
436 776 469 834 et
485 773 605 835 valeat.
632 774 795 834 Praeterea
819 771 1080 834 1111111110111ι

140 853 248 915 nariis
269 851 304 914 in
330 854 484 930 ulgemus
505 858 544 914 ut
572 851 732 933 Capitulis
753 855 788 914 et
807 851 1084 931 congregationi-

139 932 205 994 bus
226 936 297 994 tam
318 933 529 995 saecularium
551 949 652 1014 quam
673 931 892 1010 regularium,
919 931 1082 994 Sodalita-

139 1011 245 1090 tibus,
270 1013 614 1092 Confraternitatibus,
630 1011 923 1090 Universitatibus,
940 1027 999 1074 seu
1013 1013 1083 1075 Col-

138 1093 241 1171 legiis
262 1094 524 1175 quibuscumque
549 1097 748 1157 memoratas
771 1093 937 1156 Ecclesiae
950 1109 1082 1172 proces-

138 1172 314 1236 sionaliter
342 1174 566 1260 visitantibus,
583 1174 716 1236 easdem
730 1173 938 1236 visitationes
962 1172 1004 1235 ad
1019 1173 1080 1234 mi·

138 1269 259 1316 norem
274 1271 450 1318 numerum
461 1270 520 1336 pro
531 1271 592 1317 suo
608 1253 763 1335 prudenti
778 1253 915 1316 arbitrio
927 1252 1083 1317 reducere

164 1337 281 1396 ueant.
1025 1341 1031 1353 ¹

141 1350 162 1413 q
182 1413 399 1477 concedimus
412 1432 491 1478 vero
505 1417 543 1477 ut
558 1415 759 1490 navigantes
784 1418 817 1477 et
841 1415 903 1477 iter
928 1417 1080 1492 agentes,

138 1492 200 1556 ubi
215 1493 258 1556 ad
273 1513 335 1557 sua
348 1494 516 1557 domicilia
541 1511 600 1558 seu
615 1495 682 1558 alio
696 1494 739 1556 ad
753 1497 879 1557 certam
903 1495 1081 1557 stationem

138 1591 176 1636 se
192 1575 387 1654 receperint,
404 1575 556 1655 operibus
570 1574 806 1654 suprascriptis
820 1576 972 1654 peractis,
990 1580 1021 1636 et
1036 1576 1082 1636 vi-

138 1653 243 1716 sitata
258 1655 366 1717 sexies
380 1655 526 1718 Ecclesia
541 1654 729 1717 cathedrali
743 1654 798 1717 vel
812 1653 944 1733 Majori,
959 1658 1017 1716 aut
1030 1671 1082 1733 pa·

138 1731 281 1796 11111111
296 1735 358 1801 loci
374 1753 488 1798 eorum
503 1735 674 1813 domicilii,
701 1753 761 1798 seu
785 1733 940 1796 stationis
964 1733 1084 1814 hujus-v

139 1813 245 1893 modi,
271 1815 420 1878 eamdem
446 1815 694 1901 indulgentiam
719 1815 873 1895 consequi
898 1814 1024 1894 possint
1049 1817 1083 1875 et

139 1896 289 1958 valeant.
304 1895 528 1974 Regularibus
537 1913 616 1958 vero
628 1894 777 1976 personis
790 1895 960 1974 utriusque
972 1910 1082 1968 sexus,

139 1973 244 2037 etiam
259 1975 296 2037 iu
317 1975 473 2038 claustris
497 1979 657 2056 perpetuo
683 1975 905 2054 degentibus,
931 1991 992 2036 nec
1017 1991 1084 2036 non

139 2054 217 2117 aliis
233 2056 496 2136 quibuscumque
511 2061 581 2119 tam
595 2056 690 2118 laicis
705 2073 805 2136 quam
831 2054 1080 2130 Ecclesiasticis,

139 2136 360 2199 saecularibus
375 2137 429 2198 vel
443 2136 656 2214 regularibus
670 2138 705 2198 in
718 2153 849 2199 carcere
868 2140 927 2198 aut
942 2135 1082 2214 captivi-

139 2220 212 2277 tate
228 2215 458 2291 existentibus,
471 2218 526 2280 vel
536 2217 647 2298 aliqua
661 2217 808 2294 corporis
822 2217 1014 2278 infirmitate
1025 2232 1083 2276 seu

141 2294 210 2358 alio
226 2313 434 2376 quocumque
449 2296 685 2376 impedimento
700 2296 854 2376 detentis,
880 2296 937 2377 qui
960 2312 1084 2358 memo-

139 2379 217 2437 rata
232 2394 333 2456 opera
346 2379 399 2439 vel
413 2394 529 2440 eorum
543 2377 657 2458 aliqua
674 2380 832 2456 praestare
858 2376 1078 2457 nequiverint,

139 2458 182 2517 ut
201 2456 260 2518 illa
281 2457 506 2520 confessarius
521 2475 561 2519 ex
575 2461 652 2519 actu
676 2456 865 2538 approbatis
891 2475 911 2518 a
934 2457 1084 2518 locorum

138 2535 325 2600 Ordinariis
338 2537 371 2599 in
387 2537 454 2599 alia
468 2538 601 2616 pietatis
616 2554 716 2618 opera
730 2542 943 2614 commutare,
971 2535 1025 2596 vel
1049 2535 1083 2594 in

140 2616 235 2693 aliud
261 2617 454 2696 proximum
480 2621 607 2698 tempus
631 2633 813 2697 prorogare
838 2616 953 2695 possit,
980 2630 1083 2694 eaque

138 2696 330 2776 injungere,
357 2715 430 2778 quae
451 2697 514 2776 ipsi
538 2697 736 2776 poenitentes
760 2695 889 2758 efficere
914 2697 1081 2775 poterunt,

139 2793 219 2839 cum
244 2777 406 2840 facultate
434 2778 537 2840 etiam
565 2776 778 2857 dispensandi
808 2793 906 2854 super
933 2776 1085 2837 Commu·

138 2857 241 2919 nione
256 2875 332 2920 cum
347 2859 470 2938 pueris,
488 2857 545 2938 qui
560 2857 707 2920 nondum
721 2855 764 2919 ad
778 2857 919 2937 primam
933 2856 1085 2918 Commu·

138 2937 277 2999 nionem
292 2937 430 3001 admissi
446 2938 580 3015 fuerint,
594 2940 719 3018 pariter
743 2936 955 2999 concedimus
985 2939 1092 3017 atque,

138 3016 371 3095 indulgemus.
821 3072 824 3078 .
1163 3087 1167 3094 ,

182 3097 325 3177 Insuper
339 3099 492 3161 omnibus
506 3100 539 3161 et
554 3097 699 3176 singulis
714 3096 833 3159 Christi
848 3087 1000 3158 fidelibus
1014 3099 1084 3158 tam

140 3178 239 3240 laicis
255 3195 355 3258 quam
370 3177 625 3256 Ecclesiastiois,
649 3176 861 3240 saeoularibus
876 3179 909 3238 11
923 3176 1085 3255 regulari-

139 3257 217 3336 bus,
240 3259 393 3338 cujusvis
414 3259 543 3321 Ordinis
559 3261 591 3320 et
606 3257 756 3320 instituti
782 3258 881 3319 etiam
897 3254 1085 3336 specialiter
1134 3271 1135 3274 ¹

140 3338 349 3418 nominandi,
366 3339 536 3401 licentiam
550 3337 761 3400 concedimus
776 3340 809 3399 et
822 3338 1029 3410 facultatem,
1046 3337 1084 3396 ut

142 3418 206 3481 sibi
221 3418 263 3480 ad
276 3419 366 3481 hunc
374 3419 534 3480 effectum
548 3419 671 3496 eligere
694 3417 822 3498 possint
845 3430 1084 3498 quemcumque

142 3498 380 3580 presbyterum
402 3497 656 3578 confessarium,
678 3502 748 3560 tam
769 3500 961 3562 saecularem
983 3511 1084 3575 quam
