2554 4182
476 313 514 324 -
535 279 655 343 323-

88 388 253 466 singulis,
270 387 376 448 multo
397 386 559 450 validiora
579 386 815 465 intelliguntur
829 405 901 451 esse
915 390 943 452 si
957 407 1035 454 enm

89 470 214 533 officiis
243 467 418 530 hominum
448 467 484 529 in
514 470 670 530 convictu
702 468 880 531 domestico
901 474 1036 550 aptast

88 565 245 615 connexa
265 550 467 628 spectentur.
490 583 531 592 —
552 549 592 610 ln
613 546 790 625 deligendo
811 565 935 628 genere
957 552 1034 614 vitae

87 649 160 704 non
183 635 233 692 est
254 627 404 706 dubium,
427 629 507 707 quin
528 627 562 689 in
584 630 747 707 potestate
768 629 810 690 sit
832 631 1035 710 arbitrioque

87 711 306 788 singulorum
337 710 534 771 alterutrum
565 708 687 785 malle,
711 712 769 770 aut
799 711 882 773 Jesu
913 711 1035 773 Christi

88 790 215 854 sectari
246 789 286 852 de
317 789 512 866 virginitate
544 789 730 868 consilium,
754 794 812 851 aut
832 790 979 852 maritali
1000 809 1034 854 se

87 872 206 934 vinclo
227 871 388 949 obligare.
412 871 475 932 Jus
496 869 647 950 conjugii
677 871 829 933 naturale
860 889 899 934 ac
924 873 1035 950 primi-

88 969 217 1031 genum
248 949 375 1014 bomini
410 950 575 1024 adimere,
607 967 803 1013 caussamve
838 953 1032 1033 nuptiarum

89 1031 317 1113 praeeipuam,
351 1031 409 1092 Dei
445 1031 643 1094 auctoritate
676 1031 772 1093 initio
806 1035 1032 1112 constitutam,

93 1125 227 1194 quoquo
248 1110 347 1173 modo
367 1109 636 1173 circumscribere
665 1111 719 1173 lex
747 1111 918 1176 hominum
940 1113 1035 1176 nulla

90 1195 214 1274 potest.
252 1193 402 1254 Crescite
434 1193 466 1254 et
498 1193 783 1268 multiplicamini
805 1195 827 1256 1.
850 1194 902 1257 En
927 1194 1034 1272 igitur

88 1272 230 1350 familia,
253 1287 314 1334 seu
334 1271 475 1334 societas
496 1271 687 1349 domestica,
704 1289 868 1354 perparva
888 1275 946 1336 illa
960 1274 1034 1355 qui-

90 1355 179 1432 dem,
204 1351 260 1415 sed
287 1368 365 1414 vera
385 1353 536 1427 societas,
561 1352 741 1433 eademque
773 1354 864 1416 omni
896 1354 1033 1418 civitate

90 1434 272 1514 antiqni0r;
296 1433 350 1494 cui
371 1435 546 1514 propterea
567 1451 628 1495 sua
649 1432 799 1513 quaedam
816 1433 896 1514 jura
911 1434 1035 1498 officia·

90 1532 158 1596 que
177 1529 250 1578 esse
270 1529 405 1576 necesse
426 1517 487 1591 est,
505 1530 578 1593 quae
599 1511 736 1576 minime
756 1513 923 1593 pendeant
946 1533 1031 1576 are-

1 1607 3 1618 *
90 1594 236 1676 publica.
253 1592 344 1666 Quod
365 1593 472 1672 igitur
494 1593 806 1671 demonstravimus,
819 1593 878 1674 jus
893 1594 1033 1657 dominii

88 1675 240 1755 personis
255 1673 483 1752 singularibus
497 1675 620 1736 natura
630 1673 806 1751 tributum,
820 1676 851 1737 id
862 1673 1034 1737 transferri

89 1755 322 1833 inhominem,
338 1771 405 1834 qua
425 1758 526 1834 caput
540 1758 592 1816 est
612 1753 759 1834 familiae,
775 1757 916 1835 oportet:
932 1757 1033 1820 immo

90 1839 189 1900 tanto
217 1835 274 1916 jus
305 1839 355 1897 est
382 1833 465 1897 illud
488 1834 640 1909 validius,
664 1840 789 1916 quanto
811 1852 950 1916 persona
970 1835 1033 1898 hu·

91 1917 248 1978 manain
270 1914 425 1979 convictu
448 1915 629 1978 domestico
661 1917 759 1995 plura
789 1916 1031 1995 complectitur.
1126 1917 1129 1924 '

91 1995 310 2060 sanctissima
341 1998 470 2058 natura
499 1996 553 2058 lex
585 2000 655 2074 est,
686 1998 724 2057 ut
754 1995 847 2057 victu
878 2000 1034 2076 omnique

90 2077 187 2139 cultu
208 2075 448 2157 paterfamilias
469 2079 616 2155 tueatur,
640 2093 722 2155 quos
746 2076 816 2156 ipse
837 2077 1030 2155 procrearit:

1 2194 2 2236 3
90 2157 247 2238 idemque
276 2157 357 2219 illuc
388 2159 551 2218 anatura
580 2157 653 2237 ipsa
684 2155 868 2231 deducitur,
891 2161 929 2219 ut
951 2157 1032 2219 velit

90 2238 205 2301 liberis
226 2236 307 2317 suis,
323 2235 445 2378 quippe
466 2238 524 2317 qui
546 2243 719 2318 paternam
741 2236 890 2330 referunt
907 2242 940 2299 et
954 2255 1033 2318 quc·

92 2319 170 2382 dam
192 2318 290 2380 modo
310 2333 371 2396 pro
396 2321 500 2379 neunt
519 2333 707 2398 personam,
724 2334 900 2398 anquirere
921 2323 954 2379 et
975 2335 1034 2396 pa-

91 2415 176 2478 rare,
206 2397 296 2460 unde
325 2415 360 2460 se
391 2397 528 2460 honeste
552 2398 690 2540 dpossint
718 2398 754 2460 in
785 2397 922 2477 ancipiti
955 2399 1033 2459 vitae

92 2497 193 2543 cursu
214 2497 236 2541 a
256 2479 375 2540 misera
395 2477 531 2541 fortuna
574 2478 734 2540 elendere.
753 2477 790 2540 Id
805 2495 884 2540 vero
905 2477 1033 2539 efficere

91 2578 159 2625 non
180 2559 247 2622 alia
267 2559 398 2621 ratione
415 2562 534 2638 potest,
552 2559 615 2621 nisi
636 2558 884 2620 fructuosarum
905 2571 1032 2636 posses·

91 2643 186 2704 sicne
207 2655 331 2718 rerum,
355 2655 438 2719 quas
458 2637 501 2700 ad
521 2638 643 2701 liberos
664 2637 847 2700 hereditate
864 2636 1033 2699 transmit-

93 2725 154 2784 tat.
179 2754 218 2767 -
240 2717 523 2796 Quemadmodum
555 2719 685 2792 civitas,
711 2717 826 2780 ecdem
857 2717 955 2779 modo
985 2716 1036 2778 f-

92 2802 197 2879 milia,
219 2803 258 2862 ut
277 2800 547 2878 memoravimus,
563 2800 634 2861 veri
655 2798 799 2861 nominis
820 2797 959 2860 societas
974 2802 1036 2878 est,

114 2897 167 2944 usa
189 2882 354 2964 potestate
375 2879 531 2959 propria,
554 2879 616 2942 hoc
638 2884 688 2942 est
711 2881 871 2958 paterna,
896 2875 1037 2957 regitur.

92 2899 325 3037 Quamobrem,
342 2959 483 3022 servatis
504 2958 621 3040 utique
642 2958 766 3022 finibus
787 2975 870 3039 quos
884 2958 1038 3038 proxima

94 3043 167 3122 eJus
187 3058 306 3104 caussa
327 3040 577 3121 praescripserit,
599 3040 634 3102 in
660 3038 846 3116 deligendis
876 3038 1037 3101 adhiben-

93 3122 211 3204 disque
242 3121 340 3183 rebus
371 3119 591 3182 incolumitati
619 3137 657 3181 ac
675 3118 775 3198 justae
796 3119 944 3182 libertati
965 3136 1033 3180 suae

93 3200 299 3276 necessariis,
322 3200 452 3263 familia
472 3200 604 3280 quidem
625 3199 720 3280 paria
741 3201 857 3262 saltem
879 3217 956 3262 curn
984 3215 1035 3260 so-

6 3283 8 3312 *
92 3284 216 3347 cietate
237 3281 329 3344 civili
347 3281 425 3361 jnra
446 3280 583 3344 obtinet.
607 3280 703 3341 Paria
727 3280 847 3342 saltem
874 3279 1030 3354 diximus,

92 3363 268 3445 quiscum
289 3363 461 3425 convietus
483 3360 684 3424 domesticus
712 3365 744 3422 et
766 3359 969 3439 cogitatione
990 3358 1033 3420 sit
