2576 4180
444 269 626 332 „283-

51 389 92 433 ac
115 389 269 450 munera,
293 374 438 456 itemque
459 375 612 438 claritate
633 393 695 438 sua
715 376 864 440 custodis
883 377 1007 442 divinae

51 452 194 515 familia
206 453 314 518 futuri
328 453 597 534 magnitudinem
611 455 805 520 ostendisse.
820 458 907 520 Sane
920 475 1007 538 prra-

10 601 11 604 ,
52 537 212 625 terquam
234 534 323 615 quod
342 535 430 598 idem
450 537 582 616 utrique
603 537 746 615 contigit
770 554 832 600 neo
859 555 1007 602 vacuum

54 612 306 691 significatione
335 633 478 690 nomen,
501 616 604 695 probe
624 615 772 695 cognitae
804 618 899 681 vobis
927 623 1007 682 suut

10 761 12 772 ,
50 693 129 756 aliae
151 693 342 776 eademque
361 696 545 776 perspicua
566 697 652 760 inter
677 700 858 777 utrumque
888 699 1007 761 simili·

10 783 13 844 1,
49 773 206 837 tudines:
229 775 289 836 illa
309 776 485 856 imprimis,
509 776 599 858 quod
619 777 766 856 gratiam
788 777 931 857 adeptus
951 783 1001 842 est

10 853 12 872 '
50 871 71 915 a
93 853 231 918 domino
251 873 311 918 suo
325 856 657 936 benevolentiamque
671 857 894 936 singularam:
910 876 1002 921 oum·

50 950 117 1014 que
140 935 189 998 rei
210 935 365 998 familiari
387 939 474 999 esset
495 937 673 1001 abeodem
695 939 905 1017 praepositus,
923 955 999 1018 pro·

49 1014 229 1092 speritates
256 1015 475 1097 secundasque
500 1034 552 1080 res
582 1017 681 1081 herili
702 1017 838 1094 domui,
861 1018 1002 1098 Josophi

49 1094 175 1188 gratia,
199 1094 519 1188 affatimobvenere.
535 1097 626 1160 Illud
641 1097 758 1161 deiude
774 1099 892 1178 maJus,
910 1098 1000 1180 quod

49 1179 721 1337 liti*lltlullfttlltliltlll
740 1181 1002 1323 inditiis

53 1333 144 1413 piam
166 1336 407 1418 caritatemque
425 1337 475 1401 rei
493 1338 724 1401 frumentarias
743 1341 934 1432 peperisset,
957 1357 1003 1402 ae·
1113 1351 1116 1358 ’

55 1413 186 1494 gyptiis
217 1432 257 1477 ac
288 1417 439 1480 finitimis
480 1421 550 1480 tam
585 1418 761 1482 excellenti
792 1419 1003 1498 providentia

54 1495 245 1573 consuluit,
267 1501 307 1560 ut
326 1515 403 1560 eum
424 1515 482 1560 rex
503 1501 715 1562 salvatorem
742 1503 865 1561 mundi
886 1501 1001 1578 appel-

53 1575 197 1637 landum
211 1574 404 1640 decreverit.
420 1578 528 1640 -Ita
548 1578 585 1640 in
606 1581 718 1641 vetere
731 1577 790 1640 illo
805 1579 999 1641 Patriarcha

55 1653 157 1734 hujus
179 1672 367 1734 expressam
388 1658 573 1737 imaginem
593 1659 669 1720 licet
693 1674 887 1735 agnoscere.
910 1659 1003 1721 Siout

55 1735 139 1797 alter
170 1752 349 1817 prosperus
379 1755 419 1801 ac
450 1737 608 1801 salutaris
639 1738 825 1800 rationibus
853 1738 924 1800 heri
949 1739 1002 1802 sui

55 1813 245 1878 domesticis
264 1817 340 1897 fuit,
356 1834 395 1879 ac
416 1835 495 1880 mox
508 1819 666 1881 universo
681 1835 787 1897 regno
805 1818 1003 1880 mirabiliter

53 1895 199 1973 profuit,
221 1898 268 1959 sio
289 1899 374 1960 alter
401 1899 572 1961 christiani
594 1898 739 1961 nominis
767 1897 927 1961 custodiae
949 1896 1003 1962 de·

54 1976 220 2056 stiuatus,
243 1976 417 2055 defendere
439 1997 477 2041 ae
498 1979 604 2040 tutari
626 1977 795 2058 putandus
815 1983 865 2040 est
889 1979 1002 2040 Eccle-

55 2057 148 2133 siam,
172 2073 247 2137 quae
267 2075 346 2120 vere
366 2057 485 2122 domus
498 2057 630 2122 Domini
645 2062 696 2121 est
709 2058 834 2138 Deique
855 2058 891 2121 iu
905 2059 1002 2122 terris

55 2153 210 2212 regnum.

91 2218 151 2279 Est
187 2235 266 2280 vero
297 2234 356 2281 cur
389 2235 505 2281 omnes
541 2218 777 2299 qualicumque
810 2217 1000 2282 conditione

55 2294 209 2439 locoque,
232 2297 310 2360 fidei
336 2315 408 2360 sese
435 2298 616 2379 tutelaequa
640 2298 731 2362 beati
751 2299 889 2379 Josephi
909 2316 999 2362 com·

10 2429 11 2432 ,
56 2392 130 2439 men
152 2379 212 2439 ent
231 2381 332 2459 atque
353 2379 576 2441 committant.
595 2413 631 2424 -
646 2378 780 2441 Habent
801 2379 835 2441 in
850 2379 998 2459 Josepho

57 3259 186 3337 proprio
191 3258 271 3338 jure
281 3258 323 3320 ad
333 3259 517 3339 losephum
527 3259 721 3352 confugere,
733 3259 775 3322 ab
786 3275 902 3352 eoque,
911 3257 1000 3338 quod

55 2456 310 2533 patresfamilias
331 2457 519 2535 vigilantiae
541 2457 825 2538 providentiaeque
853 2462 1000 2539 paterna

56 2539 362 2615 praestantissimam
372 2538 531 2601 formam:
549 2539 673 2601 habent
687 2539 851 2618 conjuges
864 2537 999 2617 amoris
1022 2565 1024 2569 ·

56 2617 298 2696 unanimitatis,
313 2618 389 2680 fidei
408 2620 597 2697 conjugalis
611 2618 796 2699 perfectum
809 2618 976 2697 specimen
990 2635 998 2680 :
1053 2675 1055 2680 .

57 2695 178 2759 habent
205 2697 354 2776 virgines
380 2698 586 2777 integritatis
617 2699 797 2777 virginalis
831 2698 1000 2777 exemplar

58 2776 207 2840 eumdem
222 2795 262 2840 ac
275 2781 431 2841 tutorem.
449 2779 558 2842 Nobili
577 2795 702 2857 genere
723 2779 806 2855 nati,
830 2777 1001 2858 proposita

58 2856 115 2918 sibi
142 2857 280 2937 Josephi
306 2859 476 2938 imagine,
502 2858 632 2922 discant
661 2859 805 2921 retinere
832 2858 935 2920 etiam
965 2858 1001 2920 in

59 2935 178 3000 afflicta
195 2937 330 3001 fortuna
351 2938 575 3018 dignitatem:
598 2940 779 3018 locupletes
793 2938 998 3018 intelligant,

59 3031 128 3094 qum
158 3019 302 3082 maxime
332 3024 487 3098 appetere
518 3019 664 3098 totisque
692 3019 818 3081 viribus
839 3019 1002 3097 colligere
1113 3061 1115 3066 -

59 3095 141 3160 bona
162 3114 296 3161 necesse
317 3099 373 3162 sit.
390 3133 428 3145 -
451 3097 514 3161 Sed
535 3099 717 3179 proletarii,
741 3098 886 3178 opifices,
911 3102 1003 3180 quot

58 3181 135 3256 quot
162 3182 243 3242 sunt
262 3177 421 3242 inferiore
438 3178 596 3255 fortuna,
621 3176 742 3241 debent
763 3196 823 3241 suo
855 3178 1000 3258 quodam

56 3337 239 3418 imitentur,
262 3355 391 3432 capere.
423 3340 455 3401 Is
476 3340 587 3410 enim,
610 3356 726 3417 regius
754 3356 905 3417 sanguis,
929 3355 999 3399 ma·

10 3419 11 3484 3
58 3417 154 3494 ximae
181 3419 466 3500 sanctissimaeque
493 3419 643 3482 omnium
676 3419 854 3480 mulierum
888 3417 1002 3479 matri-

58 3499 166 3562 monio
169 3499 323 3579 junctus,
335 3505 442 3579 pater,
460 3502 498 3561 ut
512 3499 707 3579 putabatur,
723 3497 798 3560 Filii
813 3497 884 3572 Dei,
901 3513 1001 3576 opere
