2484 4178
421 279 583 342 ..81—

62 404 113 449 nou
131 387 162 448 in
181 385 247 450 Deo
269 386 342 466 ipso
364 402 483 450 caussa
507 390 541 449 et
561 386 614 449 vis
646 390 679 448 et
706 388 886 452 auctoritas
909 391 982 452 tota

61 465 190 531 resideat.
217 468 286 541 Quo
308 465 419 545 modu,
437 471 475 528 ut
499 467 708 547 perspicitur,
725 474 776 530 esi
796 468 982 548 respublica

61 547 127 608 nihil
147 546 234 610 aliud
256 547 322 608 uisi
343 546 510 623 magistra
532 548 566 608 et
586 547 807 624 gubernatrix
828 550 882 610 sui
897 550 983 612 mul-

60 627 159 690 titudo:
175 643 318 707 cumque
339 626 482 705 populus
505 628 654 688 omnium
667 627 793 707 jurium
809 629 982 709 omnisque

59 710 213 786 potestatis
226 707 353 769 fontem
375 708 409 768 in
424 707 546 785 seipse
561 708 731 770 continere
746 707 887 787 dicatur,
902 725 982 770 con·

58 805 178 868 sequeus
199 787 275 866 erit,
292 792 329 848 ut
344 786 438 848 nulla
452 788 580 849 ratione
596 786 696 850 officii
712 788 899 866 obligatam
912 788 980 851 Deo

58 884 85 928 se
102 868 213 930 civitas
235 870 350 947 putet;
367 870 405 928 ut
425 867 622 944 religionem
638 867 770 946 publice
785 869 981 946 profiteatur

58 948 183 1028 nnllam;
206 965 267 1010 uec
288 946 407 1008 debeat
427 963 469 1008 ex
491 947 644 1027 pluribus
665 965 739 1027 quae
753 966 832 1011 vera
854 950 925 1011 sola
936 948 980 1010 sit

57 1043 196 1107 quaerere,
221 1045 282 1090 nec
303 1045 406 1088 unam
428 1027 610 1106 quamdam,
626 1029 743 1090 ceteris
765 1033 977 1107 anteponere,

57 1123 105 1168 nec
122 1109 177 1169 uni
202 1108 346 1170 maxime
376 1107 510 1183 favere,
536 1107 593 1170 sed
611 1108 767 1186 ¹siugulis
799 1109 998 1187 generibus

57 1187 300 1266 aquabilitatem
318 1187 404 1267 juris
425 1187 570 1250 tribuere
591 1187 632 1250 ad
653 1206 728 1250 enm
753 1188 874 1263 finem,
898 1189 978 1251 dum

57 1265 216 1347 disciplina
237 1267 427 1346 reipublicae
448 1266 589 1347 nequid
622 1267 662 1329 ab
691 1269 758 1330 illis
789 1268 979 1332 detrimenti

56 1346 158 1425 capiat.
175 1349 440 1410 cousentaneum
455 1348 529 1426 erit,
539 1346 666 1427 judicio
681 1349 894 1427 singulorum
908 1366 980 1430 per-

56 1428 168 1490 mittere
188 1427 330 1498 omnem',
348 1427 387 1490 de
415 1429 579 1506 religione
610 1431 846 1510 quaestionem,
880 1429 979 1493 licere

55 1507 157 1587 cuique
187 1513 248 1571 aut
276 1510 369 1648 sepul
401 1525 501 1587 quam
522 1509 591 1588 ipse
613 1509 728 1585 malit,
756 1513 815 1570 aut
844 1511 979 1571 omniuo

55 1588 175 1667 nullam,
201 1591 229 1650 si
256 1589 315 1650 nul
331 1605 384 1650 am
406 1587 533 1666 probet.
563 1588 648 1650 Hinc
669 1589 818 1668 profecto
841 1590 899 1651 illa
921 1607 979 1651 na-

53 1673 197 1737 scuntur:
230 1668 329 1730 exlex
356 1667 619 1748 uniuscujusque
650 1669 862 1731 conscientiae
889 1669 979 1748 judi·

53 1746 147 1826 cium3
169 1748 346 1810 liberrimae
367 1747 407 1810 de
427 1748 495 1809 Deo
516 1748 665 1824 colendo,
689 1747 729 1809 de
751 1766 819 1810 non
840 1748 979 1810 colendo

18 1829 19 1876 i
53 1830 230 1907 sententies,
252 1827 384 1890 infinita
408 1831 481 1890 tum
501 1827 696 1907 cogitandi,
722 1833 796 1891 tum
828 1828 979 1907 cogitata

18 1917 19 1982 ζ
54 1906 225 1984 publicandi
247 1907 394 1970 licentia.
1064 1975 1066 1979 ,

18 1985 20 2046 i
85 1987 140 2052 llis
160 1992 274 2050 autem
295 1987 425 2067 positis,
448 2005 520 2068 quae
543 1987 688 2050 maxime
735 1989 896 2051 robantur
916 1988 979 2051 hoc

18 2055 20 2130 l
54 2067 198 2147 tempore,
225 2066 452 2129 fundamentis
479 2067 679 2146 reipublicae,
706 2006 804 2149 Idcile
827 2072 977 2149 apparet,

18 2135 20 2232 ξ
54 2147 138 2216 duem
169 2151 204 2211 in
237 2150 347 2210 locum
379 2165 544 2227 quamque
575 2149 728 2228 iniquum
760 2150 979 2227 compellatur

18 2237 20 2304 g
55 2224 199 2294 Ecclesia.
215 2263 256 2273 -
270 2229 355 2289 Nam
369 2227 426 2290 ubi
440 2245 516 2289 cum
537 2227 702 2306 ejusmodi
718 2228 876 2291 doctrinis
890 2229 978 2292 actio

18 2311 19 2322 ³
54 2321 150 2370 rerum
170 2309 366 2383 consentiat,
380 2307 505 2369 nomini
526 2308 691 2390 catholico
713 2325 863 2389 parcum
878 2309 979 2371 socie·
1025 2330 1030 2338 ·

54 2387 165 2451 tatibus
185 2389 228 2450 ab
250 2405 289 2450 eo
311 2387 427 2449 alienis
451 2387 504 2448 vel
525 2387 624 2449 etiam
653 2387 789 2451 inferior
821 2391 913 2451 locus
944 2390 979 2449 in

54 2465 174 2531 civitate
196 2468 375 2530 tribuitur:
409 2468 526 2546 legum
557 2468 853 2530 ecclesiasticarum
885 2469 980 2530 nulla

18 2575 19 2616 5
55 2543 180 2612 habetur
202 2547 308 2610 ratio:
332 2548 500 2623 Ecclesia,
528 2565 601 2627 quae
628 2547 724 2627 jussu
755 2548 979 2628 mandatoque
1051 2550 1054 2556 '

53 2624 118 2688 lesu
139 2627 261 2690 Christi
284 2627 398 2690 docere
420 2645 535 2689 omues
557 2632 676 2704 gentes
691 2627 797 2701 debet,
812 2627 981 2706 publicam

53 2709 151 2785 populi
171 2707 416 2770 institutionem
433 2707 571 2786 jubetur
586 2707 669 2769 nihil
685 2708 863 2785 attingere.
880 2709 981 2769 —De

52 2782 118 2860 ipsis
137 2789 251 2866 rebus,
269 2805 342 2866 qnae
363 2796 443 2849 sunt
465 2788 561 2849 mixti
573 2787 671 2866 J'uris,
688 2805 746 2867 per
768 2805 802 2850 se
825 2791 983 2850 statuunt

52 2865 278 2938 gubernatores
299 2867 346 2929 rei
367 2867 478 2929 civilis
502 2868 666 2929 arbitratu
697 2884 780 2942 suc,
808 2868 843 2930 in
874 2884 982 2948 eoque

51 2959 157 3018 genere
179 2948 408 3010 sanctissimas
429 2947 586 3010 Ecclesiae
616 2948 710 3024 leges
738 2947 878 3028 superbe
902 2966 981 3012 con-

51 3031 200 3090 temnunt.
228 3029 334 3102 Quare
366 3027 408 3088 ad
436 3026 702 3106 jurisdictionem
723 3045 820 3089 suam
842 3027 983 3090 trahunt

51 3108 250 3170 matrimonia
280 3107 561 3179 christianorum,
588 3106 793 3169 decernendo
819 3109 919 3169 etiam
942 3108 982 3170 de

53 3187 185 3250 maritali
206 3189 355 3266 vinculO,
379 3187 418 3250 de
440 3187 578 3264 unitate,
603 3187 643 3249 de
665 3188 846 3250 stabilitate
867 3187 983 3268 conjn-

54 3264 108 3336 gii:
140 3274 277 3330 movent
307 3267 533 3348 possessiones
563 3267 781 3343 clericorum,
810 3266 897 3348 quod
928 3284 983 3329 res

54 3358 117 3408 suas
131 3348 316 3410 Ecclesiam
338 3353 448 3410 tenere
469 3364 564 3427 posse
579 3353 717 3426 negant.
734 3348 785 3409 Ad
802 3365 979 3426 summam,

55 3423 91 3485 sic
103 3432 210 3506 agunt
231 3445 308 3490 cum
323 3427 482 3506 Ecclesia,
498 3431 536 3488 ut
556 3428 722 3491 societatis
744 3426 898 3508 periectae
919 3443 982 3504 ge-

104 3521 192 3590 Epist.
207 3525 319 3592 Eucycl.
335 3523 435 3576 Leonis
452 3525 506 3576 ΡΡ.
523 3524 604 3576 XIII
899 3525 915 3574 6
