2576 4180
657 254 830 315 *204*

269 375 395 432 remus
417 362 450 422 et
472 358 697 422 membrorum
719 377 797 421 cnm
818 359 941 439 capite,
964 360 1110 424 filiorum
1131 379 1213 424 cum

268 440 366 500 Patre
387 437 653 518 conjunctionem
674 440 786 518 magis
818 439 993 521 magisque
1024 442 1209 504 firmemus

309 519 512 598 Quapropter
526 522 564 580 ut
578 519 613 580 in
627 518 756 598 primis,
773 536 811 581 eo
826 535 891 598 quo
905 537 1082 598 possumus
1097 522 1210 600 modo,

266 599 354 679 jura,
368 600 621 679 libertatemque
636 599 735 678 hujus
749 601 879 661 Sanctae
892 599 984 664 Sedis
999 602 1210 672 adseramns‚

268 679 467 742 contendere
497 696 680 758 numquam
712 679 912 756 desinemus,
946 686 984 744 ut
1015 683 1212 744 auctoritati

269 759 397 822 Nostrae
418 777 516 822 suum
528 764 656 822 constet
667 759 872 839 obsequium,
886 766 925 820 ut
936 761 1110 824 obstacula
1120 780 1215 824 amo-

268 843 421 916 veantur,
444 856 518 919 qua
540 841 671 918 plenam
693 839 868 902 ministerii
891 840 1003 902 Nostri
1024 843 1213 922 potestatis·

269 936 332 998 que
353 919 543 982 libertatem
564 919 758 998 impediunt,
782 927 881 1000 atque
915 920 951 982 in
985 939 1057 983 eam
1092 939 1209 984 rerum

269 998 490 1062 conditionem
512 1000 736 1073 restituamur,
760 999 796 1060 in
817 1016 883 1079 qua
897 999 1017 1063 divinae
1030 1003 1211 1080 Sapientia

269 1079 445 1142 consilium
467 1081 631 1142 Romanos
651 1079 827 1142 Antistites
843 1079 1040 1160 jampridem
1068 1082 1212 1144 oolloca·

268 1164 373 1222 verat.
401 1158 448 1222 Ad
469 1160 556 1222 hanc
587 1177 666 1220 vero
697 1160 940 1222 restitutionem
972 1161 1211 1241 postulandam

267 1255 449 1312 movemur,
489 1239 699 1302 venerabiles
729 1241 881 1318 Fratres,
915 1259 983 1303 non
1014 1241 1211 1304 ambitionis

268 1317 377 1380 studio
399 1322 458 1380 aut
479 1318 714 1382 dominationis
735 1319 933 1400 cupiditate;
955 1320 1014 1383 sed
1028 1321 1127 1384 officii
1142 1323 1211 1384 No·
1281 1353 1282 1398 y

267 1399 475 1461 stri.ratione
497 1403 530 1460 et
551 1399 715 1476 religiosis
732 1399 954 1480 jurisjurandi
975 1401 1116 1463 vinculis
1138 1404 1212 1482 qui·
1281 1413 1282 1484 1

268 1479 330 1540 bus
350 1479 605 1558 obstringimur;
627 1497 666 1541 aa
688 1483 847 1558 praeterea
867 1498 934 1542 non
955 1483 1064 1544 solum
1095 1499 1137 1542 ex
1168 1499 1208 1544 eo
1281 1495 1282 1564 ξ

267 1558 355 1639 quod
377 1560 581 1640 principatus
603 1559 657 1621 hic
679 1560 720 1622 ad
742 1561 874 1638 plenam
895 1561 1084 1624 libertatem
1106 1561 1205 1640 spiri·
1281 1565 1282 1584 ¹

266 1639 367 1700 tualis
398 1639 573 1718 potestatis
603 1639 762 1702 tuendam
793 1641 1118 1720 conservandamque
1154 1647 1209 1703 est

267 1720 491 1800 necessarius;
515 1719 571 1782 sed
592 1719 695 1781 etiam
716 1720 804 1799 quod
817 1721 1119 1800 exploratissimum
1144 1729 1208 1800 est,

268 1816 344 1861 cum
376 1799 415 1861 de
445 1799 621 1881 temporali
654 1799 845 1881 Principatu
876 1801 967 1863 Sedis
1007 1801 1210 1879 apostolicae

267 1879 393 1957 agitur,
417 1879 540 1958 publici
561 1880 664 1942 etiam
684 1879 762 1943 boni
783 1886 816 1943 et
838 1882 955 1944 salutis
968 1881 1072 1944 totius
1084 1880 1209 1958 huma-

267 1976 318 2020 nae
340 1959 506 2021 societatis
528 1977 681 2022 caussam
703 1959 836 2038 agitari.
854 1961 938 2022 Hinc
953 1961 1208 2042 praetermittere

266 2056 334 2100 non
365 2055 551 2118 possumus,
584 2038 664 2119 quin
695 2056 755 2117 pro
787 2035 886 2102 officii
917 2041 1029 2104 Nostri
1055 2058 1206 2118 munere,

267 2134 333 2198 quo
355 2120 484 2180 Sanctae
506 2119 664 2182 Ecclesiae
682 2119 761 2199 jora
781 2121 866 2182 tueri
898 2123 1059 2198 tenemur,
1094 2121 1208 2184 decla-

266 2198 409 2259 rationes
430 2199 473 2260 'et
504 2203 760 2278 protestationes
790 2218 914 2275 omnes,
948 2219 1030 2282 quas
1061 2219 1108 2263 sa.
1140 2218 1205 2264 me.

266 2276 342 2340 Pius
364 2278 411 2338 IX
432 2278 590 2341 Decessor
612 2281 730 2342 Noster
750 2283 824 2343 tum
839 2279 1000 2344 adversus
1014 2282 1206 2360 occupatio·

266 2373 343 2420 nem
363 2356 472 2419 civilis
493 2359 709 2440 Principatus,
725 2363 797 2422 tum
812 2360 972 2422 adversus
989 2361 1207 2424 violationem

261 2437 388 2515 jurium
411 2437 453 2500 ad
475 2439 657 2502 Romanam
680 2439 862 2502 Ecclesiam
877 2441 1117 2518 pertinentium
1131 2441 1207 2519 plu·

265 2517 330 2579 ries
350 2517 454 2580 edidit
475 2535 513 2580 ac
535 2519 679 2594 iteravit,
702 2521 833 2582 easdem
864 2525 898 2582 et
929 2521 996 2584 Nos
1023 2520 1113 2582 hisce
1136 2521 1205 2583 No-

265 2598 343 2660 stris
363 2598 484 2661 litteris
505 2601 639 2662 omnino
657 2613 857 2663 ¹renovemus
887 2605 921 2663 et
954 2599 1203 2663 confirmemus.

264 2677 370 2741 Simul
390 2684 500 2742 autem
523 2679 565 2741 ad
582 2679 750 2758 Principes
764 2687 797 2742 et
811 2694 982 2760 supremos
1002 2681 1205 2762 populorum

264 2758 489 2823 Moderatores
519 2776 619 2821 voces
653 2761 792 2822 Nostros
822 2761 1059 2840 convertimus,
1082 2777 1206 2841 eosque

263 2854 322 2915 per
353 2855 489 2901 nomen·
505 2841 690 2918 augustum
722 2841 847 2903 Summi
880 2841 938 2902 Dei
969 2843 1069 2903 etiam
1101 2846 1205 2921 atque

263 2917 363 2979 etiam
385 2919 600 2996 obtestamur,
626 2936 666 2980 ne
687 2921 833 2983 oblatam
855 2920 918 2982 sibi
932 2925 1000 2982 tam
1015 2922 1205 2985 necessario

263 3003 411 3074 tempore
432 3009 528 3078 opem
553 2999 707 3062 Ecclesia
727 2999 914 3079 repudient,
937 3005 1036 3081 atque
1057 3000 1108 3062 uti
1122 3018 1204 3063 con-

267 3075 486 3140 sentientibus
507 3078 627 3142 studiis
648 3079 735 3142 circa
750 3079 840 3142 hunc
855 3081 979 3143 iontem
995 3081 1208 3144 auctoritatis

263 3162 296 3216 et
306 3156 424 3219 salutis
435 3159 538 3220 amice
548 3165 676 3231 coeant,
686 3160 907 3239 Eiqueintimi
919 3162 1041 3224 amoris
1051 3166 1086 3223 et
1096 3162 1204 3224 obser-

264 3237 388 3298 vantiae
410 3239 553 3300 vinculis
573 3240 683 3315 magis
698 3240 874 3320 magisque
891 3240 1091 3319 jungantur.
1108 3242 1205 3303 Faxit

266 3316 365 3396 Deus,
389 3321 427 3379 ut
448 3316 509 3394 illi,
533 3326 703 3397 comperta
724 3337 838 3382 eorum
860 3337 933 3401 quae
954 3319 1099 3383 diximus
1120 3323 1205 3383 veri·

265 3398 344 3470 tate,
368 3414 407 3458 ac
428 3414 540 3460 secum
563 3403 754 3478 reputantes
784 3398 967 3462 doctrinam
998 3400 1129 3477 christi,
1163 3407 1203 3464 nt

264 3476 475 3552 Augustinus
508 3477 630 3556 aJebat,
663 3496 839 3558 magnam,
872 3485 903 3542 st
935 3482 1200 3560 obtemperetur,
