2554 4182
640 247 676 258 -·
698 212 817 275 302·-

257 321 431 384 hominum
452 319 603 383 societati
623 321 677 395 sit,
695 319 774 400 quid
795 319 960 397 religiosae
984 321 1201 400 propositum.

257 402 328 463 Hac
349 401 421 480 ipsa
442 400 481 464 de
502 417 619 462 caussa
646 416 712 461 non
740 402 850 478 potest
876 400 1030 463 Ecclesiae
1057 417 1127 462 non
1157 400 1227 462 in··

259 486 384 544 teresse
416 481 530 562 quales
560 480 593 541 in
615 479 810 542 civitatibus
830 479 966 542 valeant
986 481 1102 559 leges,
1137 497 1205 542 non

281 565 422 624 uatenus
442 561 485 623 ad
499 560 739 640 rempublicam
759 559 939 640 pertinent,
952 560 1011 622 sed
1025 560 1105 641 quia
1118 559 1206 622 fines

258 579 388 706 debitos
417 639 596 720 aliquando
626 642 872 720 praetergressos
903 641 1012 720 injus
1044 640 1205 703 Ecclesia

259 721 434 784 invadunt.
458 721 543 796 Quin
575 721 644 783 imo
675 719 847 797 resistere,
872 721 901 782 si
923 720 1056 801 quando
1077 719 1207 783 officiat

259 802 419 880 religioni
437 799 611 880 disciplina
626 799 826 880 reipublicae,
842 798 1056 882 studioseque
1076 801 1206 876 conari,

259 887 296 945 ut
317 883 351 944 in
372 883 465 960 leges
486 886 520 943 et
534 881 688 943 instituta
700 881 895 960 populorum
920 881 1027 944 virtus
1040 879 1208 960 pervadat

258 962 448 1041 Evangelii,
471 978 594 1024 munus
615 967 664 1022 est
684 960 841 1023 Ecclesiae
861 961 1074 1039 assignatum
1086 978 1108 1022 a
1121 959 1205 1024 Deo.

259 1044 486 1122 Quoniamque
516 1041 651 1103 fortuna
684 1040 875 1121 reipublioae
908 1042 1122 1122 potissimum
1165 1059 1208 1103 ex

259 1140 373 1185 eorum
395 1122 517 1202 pendet
537 1121 673 1198 ingenio
694 1121 751 1201 qui
763 1123 886 1202 populo
904 1128 1064 1200 praesunt,
1080 1120 1208 1183 idcirco

260 1202 407 1265 Ecclesia
448 1201 671 1282 patrocinium
706 1200 746 1262 iis
788 1201 979 1265 hominibus
1012 1201 1208 1280 gratiamve

258 1282 406 1361 praebere
427 1299 494 1344 non
516 1284 636 1360 potest,
659 1299 680 1343 a
700 1281 821 1362 quibus
842 1281 1032 1362 oppugnari
1052 1299 1126 1346 sese
1155 1282 1207 1344 in-

257 1362 414 1440 telligat,
438 1361 495 1442 qui
511 1361 591 1440 jura
614 1361 718 1440 ipsius
744 1363 850 1424 vereri
881 1371 994 1443 aperte
1024 1369 1206 1441 recusent,

259 1443 316 1522 qui
337 1459 408 1504 rem
428 1459 559 1504 sacram
579 1458 715 1521 remque
736 1441 869 1505 civilem
890 1446 1012 1504 natura
1031 1443 1208 1505 consocia-

257 1525 310 1584 tas
332 1522 488 1586 divellere
508 1522 721 1584 contendant.
738 1523 860 1584 Contra
872 1521 1007 1600 fautrix,
1024 1523 1075 1584 uti
1092 1522 1206 1599 debet,

258 1619 374 1666 eorum
395 1606 444 1666 est
466 1603 535 1683 qui,
559 1619 636 1664 cum
658 1602 697 1664 de
717 1601 809 1663 civili
830 1601 934 1682 deque
954 1601 1139 1665 christiana
1153 1620 1207 1664 re·
1258 1679 1259 1688 ἵ

257 1684 392 1764 publica
422 1682 509 1763 quod
540 1683 664 1744 sentire
694 1683 823 1744 rectum
854 1686 923 1750 est.
944 1683 1007 1762 ipsi
1031 1683 1204 1756 sentiant,

258 1765 373 1828 ambas
394 1764 428 1825 in
448 1763 617 1825 communi
637 1762 723 1825 bono
744 1762 924 1825 concordes
947 1764 1118 1826 elaborare
1146 1779 1207 1824 vo·
1259 1785 1260 1792 ¹

257 1844 343 1907 lunt.
373 1879 413 1888 -
434 1843 495 1904 His
516 1843 689 1922 praeceptis
716 1859 834 1904 norma
864 1843 1075 1921 continetur,
1099 1859 1207 1923 quam

257 1925 292 1985 in
313 1924 447 2004 publica
467 1923 597 1985 actione
618 1922 697 1985 vitae
718 1923 920 1986 catholicum
945 1938 1112 2004 quemque
1144 1939 1206 1984 ne·

256 2021 348 2066 cesse
370 2011 421 2066 est
441 2003 545 2083 sequi.
570 2002 747 2075 Nimirum,
777 2004 976 2084 ubicumque
997 2005 1032 2066 in
1052 2003 1206 2080 negotiis

255 2084 399 2164 publicis
430 2084 555 2145 versari
583 2100 643 2163 per
672 2083 855 2146 Ecclesiam
886 2084 984 2162 licet,
1019 2083 1206 2147 favendum

257 2162 340 2224 viris
361 2168 412 2225 eat
433 2167 591 2241 spectatae
612 2163 807 2256 probitatis,
832 2164 1018 2244 eisdemque
1049 2163 1090 2225 de
1115 2163 1206 2226 chri-

255 2243 364 2304 stiano
386 2242 519 2304 nomine
540 2243 729 2304 merrturis:
752 2257 859 2324 neque
880 2262 1001 2307 caussa
1031 2260 1101 2306 esse
1130 2244 1206 2306 ulla

256 2325 365 2401 potest
386 2339 447 2385 cur
466 2322 553 2384 male
576 2339 659 2401 erga
681 2323 878 2401 religionem
906 2324 1070 2387 animatos
1098 2323 1206 2386 liceat

153 2418 157 2426 ·
259 2406 471 2483 anteponere.

297 2483 347 2546 Ex
376 2500 443 2564 quo
473 2486 610 2563 apparet
644 2499 745 2564 quam
779 2484 821 2546 sit
854 2501 1015 2563 magnum
1051 2482 1205 2548 officium

256 2565 343 2626 tueri
364 2580 562 2626 consensum
585 2564 795 2641 animorum,
818 2563 1004 2645 praesertim
1033 2581 1110 2627 cum
1141 2582 1205 2645 per

256 2644 320 2707 hoc
341 2649 474 2725 tempus
495 2648 589 2706 tanta
611 2644 822 2708 consiliorum
843 2644 1025 2708 calliditate
1045 2643 1204 2708 christia-

256 2742 338 2786 num
359 2729 573 2805 oppugnetur
594 2741 727 2786 nomen.
744 2725 910 2805 Quotquot
929 2723 1107 2802 diligenter
1127 2729 1204 2788 stu·

256 2803 389 2866 duerint
410 2805 566 2867 Ecclesia
586 2804 828 2883 adhaerescere,
852 2822 927 2885 quae
957 2811 1007 2867 est
1037 2810 1202 2870 columna

255 2885 290 2945 ei
310 2885 572 2955 armenicorum
585 2886 751 2946 veritatis
772 2885 794 2960 1,
818 2884 916 2948 facile
937 2884 1106 2947 cavebunt
1126 2903 1202 2948 ma-

255 2962 381 3040 gistros
394 2967 612 3026 mendaces...
639 2966 832 3027 libertatem
853 2969 924 3028 tilis
936 2966 1198 3044 promittentes,

256 3057 335 3104 oum
369 3047 438 3118 tpst
464 3048 560 3106 serui
590 3045 663 3106 siut
695 3047 934 3120 corruptionis
964 3046 992 3106 2:
1023 3046 1202 3126 quinimo

255 3122 360 3202 ipsius
382 3122 540 3186 Ecclesiae
561 3123 696 3188 virtutis
717 3124 894 3219 participes
922 3125 1038 3202 futuri,
1061 3125 1203 3189 insidias

256 3202 418 3282 rapientia
439 3201 586 3280 vincent,
609 3204 678 3268 vim
699 3203 904 3268 fortitudrne.
921 3239 958 3250 -
980 3206 1054 3268 Non
1069 3211 1118 3268 est
1139 3207 1203 3270 hu-

253 3284 310 3366 jus
330 3283 395 3346 loci
408 3282 589 3362 exquirere,
605 3285 776 3367 numquid,
793 3287 828 3349 et
848 3289 1011 3367 quantum
1039 3286 1081 3348 ad
1094 3303 1202 3349 novas

289 3459 329 3510 ¹1
346 3460 471 3512 Timoth.
489 3473 532 3521 111,
550 3459 588 3510 15.
757 3461 768 3494 ²
783 3461 812 3510 11
828 3461 909 3514 Patr.
926 3477 956 3525 11,
973 3465 995 3527 1,
1012 3463 1051 3514 19.
