2576 4180
480 217 660 279 -281-

12 319 13 322 ’
91 326 156 388 hac
177 325 214 386 in
236 342 294 404 re,
319 323 359 385 de
380 341 447 404 qua
468 340 558 384 nunc
582 323 726 402 primum
756 323 888 401 publice
921 320 1042 384 dicturi

91 405 220 486 aliquid
252 421 389 480 sumus,
412 402 570 482 pietatem
602 403 796 482 popularem
822 402 1043 495 cqgnovimus

12 831 15 878 l

91 503 160 548 uon
181 486 281 547 modo
303 500 455 563 pronam,
479 481 536 546 sed
559 483 651 545 velut
670 483 823 546 instituto
841 500 913 562 Jam
937 499 1040 544 cursu

92 564 377 647 progredientem:
407 566 581 642 propterea
611 562 698 643 quod
725 563 862 642 losephi
890 563 1039 638 cultum,

93 662 195 726 quem
217 643 441 726 superioribus
464 660 594 724 quoque
613 642 770 706 aetatibus
797 643 927 705 romani
958 643 1041 704 Pon·

90 725 199 788 tifices
220 725 346 787 sensim
367 723 549 803 provehere
576 723 611 784 in
642 723 753 802 majus
776 727 810 784 et
834 725 902 786 late
923 740 1042 802 propa-

91 823 175 885 gare
196 804 417 881 studuerant,
441 806 609 884 postremo
630 803 693 865 hoc
717 805 867 882 tempore
895 803 1041 866 vidimus

12 889 13 962 Ϊ
90 886 216 966 passim
237 902 299 947 nec
320 883 430 946 dubiis
451 883 668 945 incrementis
690 900 883 961 augescere,
906 900 1041 964 praeser·

11 1007 12 1018 2
90 967 155 1028 tim
175 969 291 1046 postea
312 981 411 1044 quam
433 965 510 1025 Pius
532 964 579 1024 IX
600 963 655 1026 fel.
671 980 736 1027 rec.
755 964 906 1026 decessor
923 965 1041 1025 Noster

93 1045 343 1108 sanctissimum
379 1043 630 1120 Patriarcham,
652 1043 874 1122 plurimorum
907 1043 1039 1123 Episco-
1108 1111 1112 1119 Κ

91 1143 212 1206 porum
244 1128 390 1204 rogatu,
412 1127 591 1266 patronum
613 1124 770 1187 Ecclesiae
791 1124 963 1187 catholicae
985 1124 1041 1186 de-

90 1205 246 1268 claravit.
272 1236 310 1248 -
335 1203 412 1266 Nihi
426 1202 559 1266 ominus
579 1221 655 1266 cum
678 1203 763 1266 tanti
786 1204 919 1276 referat,
944 1220 1043 1265 vene-

91 1286 257 1352 rationem
278 1284 351 1362 eJus
373 1284 409 1346 in
434 1283 580 1346 moribus
607 1283 838 1365 institutisque
867 1283 1042 1347 catholicis

90 1366 225 1445 penitus
259 1364 493 1441 inhaerescere,
531 1363 652 1426 idcirco
686 1365 844 1427 volumus
880 1365 1041 1444 populum

11 1503 12 1514 ,
90 1445 312 1508 christianum
334 1460 415 1506 voce
436 1443 599 1524 imprimis
620 1447 722 1524 atque
747 1443 946 1507 auctoritate
976 1444 1043 1506 No·

94 1532 166 1588 stra
187 1524 325 1588 moveri.

130 1607 197 1668 Gur
218 1605 336 1666 beatus
358 1603 524 1682 Josephus
539 1603 737 1666 nominatim
752 1604 916 1666 habeatur
931 1604 1043 1665 Eccle-

89 1684 149 1748 siae
169 1689 343 1764 patronus,
367 1683 583 1762 vicissimque
604 1684 788 1763 plurimum
809 1683 871 1746 sibi
894 1682 1041 1745 Ecclesia

91 1764 130 1828 de
162 1765 235 1844 ejus
266 1765 372 1826 tutela
404 1763 656 1843 patrocinioque
679 1763 891 1844 polliceatur,
914 1779 1041 1825 caussae

90 1844 158 1907 illae
180 1847 261 1907 suut
282 1845 493 1923 rationesque
515 1842 715 1920 singulares,
740 1844 828 1924 quod
849 1844 876 1904 is
898 1843 949 1904 vir
977 1841 1042 1904 fuit

92 1925 217 2001 Mariae,
242 1927 274 1986 et
294 1926 402 2003 pater,
424 1928 462 1984 ut
484 1924 674 2004 putabatur,
696 1923 777 1986 Jesu
799 1922 930 1985 Christi.
954 1923 1041 1985 Hinc

92 2005 201 2068 omnis
222 2003 295 2084 ejus
316 2003 474 2083 dignitas,
499 2003 621 2081 gratia,
645 2005 818 2070 sanctitas.
843 2002 954 2081 gloria
968 2020 1042 2082 pro-

89 2083 197 2148 fectae.
228 2085 322 2146 Certe
345 2083 462 2145 Matris
484 2083 543 2145 Dei
572 2088 643 2145 tam
670 2083 704 2145 in
733 2084 863 2146 excelso
892 2082 1041 2162 dignitas

91 2169 162 2240 est,
186 2167 224 2226 ut
245 2163 330 2226 nihil
350 2163 422 2226 lieri
451 2163 560 2243 majus
588 2167 700 2244 queat.
723 2163 787 2226 Sed
810 2167 925 2226 tamen
957 2164 1038 2244 quia

88 2244 273 2307 intercessit
294 2243 440 2324 Josepho
462 2261 539 2305 cum
560 2244 700 2321 Virgine
720 2245 913 2306 beatissima
941 2243 1041 2306 mari·

11 2383 12 2404 2
90 2325 157 2387 tale
180 2325 349 2400 vinclum,
374 2324 528 2388 atillam
550 2324 861 2403 praestantissimem
891 2323 1040 2401 dignita·

12 2443 13 2482 q
92 2408 170 2482 tem,
196 2420 262 2485 qua
283 2405 414 2466 naturis
435 2404 557 2466 creatis
578 2405 733 2468 omnibus
754 2403 951 2483 longissime
967 2403 1042 2464 Dei·

91 2502 173 2564 para
195 2484 385 2562 antecellit,
418 2486 557 2546 nonest
586 2483 722 2547 dubium
753 2484 833 2576 quin
865 2483 1042 2544 accesserit

91 2568 173 2645 ipse,
197 2568 236 2626 ut
257 2581 355 2626 nemo
376 2563 499 2642 magis,
523 2565 582 2626 list
607 2565 695 2627 enim
717 2562 915 2643 conjugium
940 2563 1043 2624 socie·

91 2649 143 2707 tas
164 2643 443 2785 necessitudoque
465 2644 616 2707 omnium
638 2643 797 2722 maxima,
820 2660 893 2723 quae
917 2644 1041 2703 nature

90 2727 150 2787 sud
173 2722 366 2802 adjunctam
412 2723 489 2786 abet
509 2723 673 2786 bonorum
695 2723 795 2786 unius
824 2740 901 2785 cum
932 2723 1039 2784 altero

90 2804 435 2872 communicationem.
460 2803 618 2878 Quocirca
650 2804 677 2866 si
710 2820 869 2884 sponsum
901 2802 1038 2880 Virgini

11 2893 12 2916 ¹
88 2885 176 2947 Deus
207 2883 392 2962 Josephum
425 2882 535 2960 dedit,
560 2883 651 2946 dedit
681 2883 829 2963 proiecto
851 2900 920 2945 non
942 2882 1041 2946 modo

89 2965 168 3027 vitae
189 2965 339 3041 socium,
365 2963 571 3042 virginitatis
595 2967 738 3042 testem,
764 2967 912 3026 tutorem
939 2963 1041 3025 hone·

11 3099 12 3124 ἶ
87 3045 198 3121 statis,
224 3043 282 3107 sed
303 3044 404 3107 etiam
425 3045 562 3106 excelsae
584 3044 762 3120 dignitatis
785 3043 857 3124 ejus
873 3044 946 3123 ipso
961 3061 1042 3106 con-

11 3125 12 3140 ‘
82 3123 195 3203 jugali
210 3123 333 3186 ioedere
347 3123 553 3204 participem.
571 3124 781 3186 -Similiter
797 3124 1039 3202 augustissima

11 3213 12 3226 ¹
87 3203 255 3284 dignitate
275 3221 361 3267 unus
382 3205 507 3266 eminet
528 3204 615 3267 inter
643 3221 778 3278 omnes,
803 3205 891 3284 quod
924 3202 1039 3264 divino

86 3285 226 3347 consilio
250 3287 363 3346 custos
391 3283 469 3346 Filii
499 3283 558 3345 Dei
588 3284 672 3361 fuit,
696 3283 831 3346 habitus
863 3282 1037 3345 hominum

85 3365 241 3443 opinione
272 3367 376 3443 pater.
406 3367 476 3439 Qua
507 3381 547 3424 ex
580 3381 614 3426 rc
646 3380 850 3444 consequens
878 3365 975 3440 erat,
1000 3363 1040 3422 ut

83 3444 231 3508 Verbum
253 3443 312 3506 Dei
333 3443 479 3524 Josepho
503 3443 651 3506 modeste
682 3444 853 3522 subesset,
883 3442 1036 3522 dictoque
