2554 4182
471 211 663 274 -331-v

80 318 163 380 inde
185 323 235 381 est
255 336 296 382 ac
316 319 379 383 sibi
400 318 558 382 collatam
579 321 780 398 negatamve
801 319 1047 400 iudicaturus..
1145 393 1153 404 ,

86 402 261 468 Quamdiu
282 402 417 474 sectetis
438 403 502 461 aut
525 416 570 463 erc
585 404 639 462 irts
660 402 835 475 fratribus
857 407 942 465 mets
964 409 1026 466 uet-

83 485 219 556 m‘mr's,
241 485 327 542 mitt
359 481 491 556 fecistis·
520 481 606 543 1.-
637 481 783 555 Quarum
814 498 927 547 rerum
959 483 1029 548 haec

84 578 220 623 summa
234 564 300 623 est:
317 561 517 642 quicumque
532 561 699 640 majorem
714 561 844 641 copiam
865 563 1028 626 bonorum

85 641 148 703 Dei
169 657 307 704 munere
327 642 464 721 accepit,
478 641 547 702 sive
569 641 715 721 corporis
737 652 770 704 et
791 644 928 705 externa
950 646 1028 721 sint,

84 723 159 783 sive
173 722 287 802 animi,
305 722 346 785 ob
361 721 447 784 hanc
467 737 621 785 caussam
641 722 817 802 accepisse,
835 725 873 784 ut
894 724 936 786 ad
957 741 1030 804 per-

82 801 266 865 fectionem
287 803 338 864 sui
353 802 555 882 pariterque,
572 801 664 864 velut
685 803 833 866 minister
855 804 1030 882 providen-

83 883 141 945 tiae
162 881 292 963 divina,
316 881 359 945 ad
381 881 543 944 utilitates
563 881 717 946 adhibeat
738 887 933 947 ceterorum.
957 889 1028 948 Ha-

86 967 170 1026 oeus
198 979 280 1040 erpo
305 965 487 1044 talentum,
510 965 610 1026 carot
641 968 783 1040 omuino
815 980 859 1026 ue
893 967 1027 1029 taceat:

87 1047 218 1106 habeus
238 1059 361 1107 rerum
381 1045 620 1121 affluentiam,
643 1046 765 1121 cipitet
785 1061 829 1107 ne
850 1061 873 1106 o
893 1051 1029 1110 misert-

85 1127 219 1188 cordia
241 1126 407 1201 tarpttate
430 1126 625 1200 torpescat:
655 1129 784 1187 habeus
814 1127 928 1190 artem
960 1143 1028 1202 qua

85 1205 241 1282 rapitur,
262 1219 471 1284 mapaoperc
492 1206 632 1268 studeat
653 1206 693 1268 ut
714 1222 817 1268 usum
838 1207 941 1282 atoue
963 1209 1033 1270 att-

88 1287 224 1348 litatem
246 1290 343 1348 iltius
365 1301 444 1348 cum
462 1289 627 1362 procurro
645 1286 833 1363 partiatur
852 1287 878 1350 2.

127 1365 230 1428 Bonis
257 1369 368 1427 autem
389 1364 533 1428 fortunae
553 1366 610 1446 qui
631 1368 786 1445 careant,
810 1366 833 1428 ii
854 1367 896 1430 ab
919 1367 1031 1430 Eccle-

88 1445 141 1508 sia
161 1444 402 1526 perdocentur,
426 1463 494 1509 non
517 1445 636 1525 probro
658 1445 798 1519 haberi,
822 1449 890 1508 Dec
906 1447 1030 1526 judice,

86 1527 344 1606 paupertatem,
369 1541 429 1588 nec
457 1544 494 1589 eo
516 1525 717 1607 pudendum,
741 1525 829 1606 quod
850 1530 962 1588 victus
983 1529 1030 1589 la·

86 1607 168 1670 bore
190 1610 369 1686 quaeratur.
393 1605 496 1687 idque
517 1606 727 1670 confirmavit
743 1624 776 1668 re
791 1612 823 1668 et
838 1605 925 1670 facto
940 1607 1031 1669 Chri·
1100 1607 1102 1612 ’

87 1694 162 1748 stus
187 1687 358 1766 Dominus,
382 1687 438 1767 qui
466 1704 526 1768 pro
557 1688 664 1750 salute
693 1686 869 1749 hominum
894 1704 1032 1764 operas

88 1770 207 1841 factus
228 1769 290 1845 est,
308 1783 386 1832 cum
407 1770 496 1830 esset
516 1770 612 1830 dices
633 1768 656 1827 3:
680 1784 822 1847 cumque
843 1769 926 1830 esset
941 1767 1032 1831 filius

88 1849 150 1910 Dei
170 1865 209 1910 ac
231 1849 318 1912 Deus
339 1846 500 1925 ipsemet,
522 1847 629 1910 videri
650 1851 762 1910 tamen
788 1865 826 1909 ac
848 1849 959 1926 putari
980 1847 1030 1910 ia-

87 1929 139 1990 bri
160 1927 250 1990 filius
272 1926 389 1991 voluit:
407 1927 488 2009 quin
508 1929 610 1990 etiam
624 1944 785 2006 magnam
800 1928 879 1988 vitae
902 1932 1031 2007 partem

88 2009 125 2070 in
147 2025 246 2087 opere
267 2007 378 2070 fabrili
399 2025 593 2073 consumere
619 2025 685 2071 non
709 2009 887 2071 recusavit.
911 2011 1032 2072 Nouae

90 2094 151 2152 otc
171 2091 223 2152 est
244 2091 353 2168 fater,
369 2091 466 2162 dilus
489 2094 614 2152 Morta
635 2088 676 2150 4?
697 2087 804 2167 Hujus
826 2087 1034 2151 divinitatem

89 2169 237 2248 exempli
260 2170 481 2246 intuentibus,
498 2187 538 2231 ea
558 2168 689 2232 facilius
710 2170 957 2248 intelliguntur:
983 2187 1035 2232 ve·

89 2267 164 2313 ram
196 2249 341 2312 hominis
373 2249 574 2329 dignitatem
606 2254 706 2329 atque
738 2251 967 2313 excellentiam
998 2249 1034 2312 in

89 2329 242 2393 moribus
263 2347 346 2404 esse,
368 2329 432 2394 hcc
453 2333 503 2393 est
525 2330 558 2392 in
579 2329 716 2407 virtute,
740 2330 902 2411 positam:
927 2331 1034 2392 virtu·

87 2417 158 2475 tem
179 2427 258 2473 vero
279 2427 454 2473 commune
475 2410 672 2474 mortalibus
693 2411 941 2488 patrimonium,
958 2411 1033 2472 imis

88 2496 122 2555 et
138 2491 295 2574 summis,
316 2491 475 2554 divitibus
496 2495 530 2553 et
549 2491 735 2571 proletariis
755 2506 848 2570 aeque
869 2489 1029 2569 parabile:

87 2591 151 2636 nec
174 2573 265 2634 aliud
286 2573 455 2652 quippiam
485 2589 585 2652 quam
608 2572 750 2633 virtutes
781 2573 814 2631 et
843 2569 973 2642 merita,
998 2570 1032 2631 in

88 2669 302 2735 quocumque
333 2653 563 2732 reperiantur,
597 2651 781 2714 mercedem
816 2648 1034 2713 beatitudinis

89 2738 225 2796 aeternae
247 2734 475 2812 sequuturam.
498 2734 603 2796 Immo
619 2731 747 2794 veroin
766 2729 1034 2793 calamitosorum

60 2835 62 2840 ¹
91 2830 203 2894 genus
238 2813 431 2893 propensior
464 2813 523 2875 Dei
559 2813 664 2891 ipsius
694 2810 825 2873 videtur
856 2810 1033 2874 voluntas:

90 2895 207 2958 beatos
229 2894 317 2955 enirn
338 2894 437 2956 Jesus
459 2893 608 2954 Christus
633 2896 804 2971 nuncupat
826 2907 989 2971 pauperes
1011 2891 1033 2954 5:

90 2975 216 3038 invitat
237 2977 448 3055 peramanter
469 2971 511 3036 ad
537 2990 582 3049 se,
606 2972 716 3034 solatii
738 2987 867 3049 caussa,
884 2973 1036 3052 quicum-

125 3223 135 3258 ¹
151 3223 259 3274 Matth.
276 3237 342 3286 xxv,
354 3223 398 3274 40.

123 3286 178 3336 ²8.
196 3285 282 3348 areg.
300 3284 399 3349 Magn.
415 3285 448 3336 in
465 3285 575 3348 Evang.
592 3283 676 3335 Hom.
696 3299 733 3348 1x,
751 3299 778 3334 n,
795 3284 817 3334 7.

124 3349 135 3384 ³
150 3348 180 3398 11
195 3347 326 3400 Corinth.
343 3364 406 3410 v111,
422 3349 446 3400 9.
867 3377 870 3384 ι

125 3411 136 3446 ⁴
153 3411 243 3462 Maro.
260 3427 299 3472 vr,
314 3411 337 3462 3.

125 3473 260 3526 ⁵Matth.
277 3489 305 3535 v,
324 3473 354 3524 3:
370 3473 455 3523 Beati
473 3474 615 3536 pauperes
633 3471 748 3536 spirita.
