2484 4178
427 251 587 311 ..41-

87 355 244 419 Postremo
272 355 455 433 Angelicus
483 357 604 419 Doctor
624 374 692 420 nou
713 360 764 422 est
785 358 895 437 magis
917 359 975 422 do·

57 437 170 516 ctrina,
195 453 296 516 quam
326 437 452 500 virtute
481 439 513 498 et
540 441 717 500 sanctitate
738 451 896 516 magnus.
919 440 979 502 Est

55 521 149 579 auam
164 517 273 579 virtus
294 515 337 578 ad
350 499 587 596 persslitandas
607 517 736 595 ingenii
756 519 858 595 virsa,
874 519 979 599 adipi-

55 596 257 678 scendamqne
278 595 464 659 doctrinam
485 599 682 676 praeparatio
706 599 853 679 optima,
877 617 978 679 quam

56 678 101 758 qui
120 679 309 755 negligunt,
326 675 465 740 solidam
486 677 759 758 fructuosamque
780 681 976 758 sapientiam

54 757 126 819 falso
145 774 178 820 se
199 762 436 820 consecuturos
457 761 596 838 putant,
621 765 797 839 propterea
827 759 915 839 quod
938 766 978 822 itt

53 842 243 900 malevolam
257 842 413 900 animam
434 853 504 900 aaa
527 841 689 901 introibit
710 842 898 916 sapientia,
914 857 977 904 aec

54 920 208 984 habitabit
228 919 265 980 in
280 933 425 994 corpore
446 919 581 982 saballo
599 922 752 994 peccatis
768 921 790 980 1.
814 920 884 982 Ista
899 937 977 982 vero

54 999 242 1077 comparatio
264 999 378 1077 animi,
397 1015 472 1078 quae
492 999 534 1060 ab
556 999 666 1061 indole
687 999 822 1062 virtutis
843 1000 975 1080 profici-

53 1080 153 1154 scitur,
168 1079 203 1140 in
224 1078 351 1141 Thoma
371 1077 536 1158 Aquinate
550 1080 659 1141 extitit
676 1096 742 1142 non
757 1078 854 1142 modo
870 1082 976 1144 excel-

53 1157 112 1220 lens
123 1163 223 1238 atque
237 1163 411 1238 praestans,
426 1159 483 1221 sed
497 1160 597 1238 plane
611 1158 727 1239 digna,
741 1177 814 1240 quae
829 1163 978 1240 aspecta-

52 1236 98 1299 bili
118 1239 215 1318 signo
245 1238 406 1300 divinitus
436 1239 702 1317 consignaretur.
736 1240 868 1302 Etenim
898 1259 976 1302 cum

51 1319 217 1380 maximam
238 1319 424 1398 voluptatis
444 1319 633 1382 illecebram
662 1320 771 1380 victor
801 1321 971 1396 evasisset,

53 1396 102 1459 hoc
120 1399 226 1460 veluti
247 1399 423 1478 praemium
444 1397 649 1462 fortitudinis
676 1399 754 1461 tulit
782 1418 802 1462 a
827 1401 895 1462 Deo
917 1417 1001 1480 pur

54 1478 228 1542 dicissimus
249 1479 451 1558 adolescens
474 1482 513 1540 ut
533 1479 663 1542 lumbos
684 1479 748 1542 sibi
769 1497 929 1543 arcanum
944 1483 978 1542 in

52 1559 170 1621 nodum
191 1559 391 1636 constringi,
407 1564 509 1639 atque
523 1577 592 1621 una
606 1558 751 1622 libidinis
766 1559 856 1622 taces
870 1561 975 1623 extin-

14 1671 15 1674 =
53 1640 99 1714 gui
117 1640 264 1702 sentiret.
289 1641 358 1713 Quo
378 1637 479 1717 tacto,
502 1638 636 1719 perinde
658 1641 753 1714 vixit,
769 1658 807 1700 ac
828 1646 915 1704 esset
936 1642 977 1703 ab

53 1721 126 1782 cuni
139 1720 289 1798 corporis
310 1719 511 1796 contagione
533 1717 715 1798 sejunctus,
731 1737 807 1781 cum
822 1720 903 1800 ipsis
918 1739 975 1782 an·

56 1799 152 1873 reicis
173 1799 347 1878 spiritibus
367 1815 434 1861 nou
455 1801 566 1862 minus
586 1799 788 1878 innocentia,
805 1801 976 1880 quamin-

56 1880 136 1954 genio
157 1879 417 1960 comparandus.

83 1960 138 2022 llis
160 1960 202 2022 de
225 1960 351 2022 caussis
373 1959 515 2038 dignum
536 1976 672 2040 prorsus
693 1959 894 2038 Angelicum
915 1961 979 2024 Do-

53 2041 158 2102 ctorem
176 2039 378 2120 judicamus,
393 2040 451 2120 qui
470 2057 592 2119 praeses
613 2040 767 2102 tutelaris
792 2041 979 2103 studiorum

56 2126 223 2198 cooptetur.
248 2121 340 2196 Quod
372 2137 448 2182 cum
480 2121 621 2183 libenter
652 2120 803 2200 facimus,
825 2124 900 2183 tum
921 2121 978 2182 ills

55 2196 105 2260 Nos
124 2200 346 2264 consideratio
366 2206 488 2279 movet,
511 2202 662 2263 futurum
690 2204 728 2263 ut
757 2201 980 2279 patrocinium

54 2275 180 2343 hominis
203 2279 341 2343 maximi
362 2285 395 2343 et
416 2280 614 2343 sanctissimi
640 2282 784 2342 muitum
806 2283 916 2343 valeat
936 2281 979 2343 ad

53 2355 284 2440 philosophicas
315 2361 588 2442 theologicosque
619 2361 820 2440 disciplinas,
847 2379 979 2422 sumina

53 2452 112 2500 cum
133 2441 282 2504 utilitate
302 2440 502 2520 reipublicae,
525 2441 768 2504 instaurandas.
797 2441 898 2514 Nam,
920 2442 978 2503 ubi

54 2532 79 2578 se
96 2521 217 2586 scholae
238 2519 411 2584 catholicae
434 2522 469 2583 in
492 2521 699 2600 disciplinam
727 2524 761 2584 et
787 2521 978 2584 clientelam

53 2595 188 2664 tinctoris
220 2599 375 2678 Angeiici
407 2595 614 2680 tradiderint,
636 2601 734 2663 facile
764 2600 897 2663 florebit
928 2619 979 2662 sa-

52 2676 160 2752 pientia
179 2681 255 2742 veri
276 2681 433 2759 nominis,
457 2681 562 2743 firmis
583 2682 703 2743 hausta
724 2680 908 2760 principiis,
924 2699 978 2741 ra-

51 2757 123 2822 tione
144 2767 247 2842 atque
268 2760 384 2823 ordine
406 2761 582 2841 explicata.
599 2762 650 2823 Ex
671 2760 837 2841 probitate
858 2760 978 2822 doctri-

51 2853 152 2902 narum
173 2841 326 2922 probitas
347 2842 511 2919 gignetur
530 2841 610 2904 vitae
640 2859 717 2903 cum
738 2841 877 2920 privatae
905 2846 978 2904 tum

51 2917 199 2994 publica:
229 2923 332 2999 probe
353 2921 487 2984 vivendi
508 2921 783 2984 consuetudinem
811 2922 1022 3002 0010000--

51 2998 199 3076 pulcrum,
222 3001 315 3078 ordo,
337 3008 458 3081 pacata
478 3018 590 3063 rernm
611 3001 840 3082 tranquillitas
861 3018 978 3063 conse·

51 3087 189 3155 quantur.
214 3115 252 3126 -
281 3081 342 3156 Qui
373 3081 408 3143 in
429 3082 569 3143 scientia
590 3099 701 3143 rerum
722 3097 891 3144 sacrarum
913 3083 979 3144 ela-

14 3187 16 3210 t
51 3153 163 3236 borant,
186 3165 258 3224 tam
279 3163 399 3223 acriter
419 3162 483 3224 hoc
504 3168 653 3239 tempore
673 3163 838 3242 lacessita,
859 3181 898 3224 ex
921 3178 977 3222 vo-

14 3235 15 3252 *
52 3234 218 3304 luminibus
238 3242 345 3305 sancti
366 3241 501 3304 Thomte
520 3240 667 3304 habituri
688 3246 788 3315 sunt,
812 3260 876 3322 quo
901 3241 976 3303 tun·

53 3314 193 3384 tamenta
213 3320 291 3384 fidei
312 3322 502 3384 christiana
523 3323 632 3403 ample
654 3321 892 3401 demonstrent,
913 3338 978 3401 quo

78 3494 85 3526 ¹
100 3496 159 3562 Sap.
176 3515 195 3564 1,
213 3501 234 3551 1.
