2554 4182
620 215 741 276 -336
766 247 806 258 -

236 326 358 390 ctanda
387 325 451 399 sit,
477 326 612 402 prastat
644 321 828 403 exquirere.
853 357 892 368 -
925 321 1185 402 Rempublioam

237 409 393 471 hocloco
417 403 639 481 intelligimus
673 419 741 464 non
773 402 866 483 quali
898 404 1039 483 populus
1070 404 1187 467 utitur

237 505 326 550 unus
353 487 408 549 vel
428 485 523 562 alter,
546 482 605 546 sed
635 484 769 563 qualem
801 486 835 545 et
865 485 941 546 vult
970 486 1062 546 recta
1094 486 1186 548 ratio

237 575 367 631 naturae
387 581 588 644 congruens
612 568 645 626 et
672 563 816 642 probant
837 561 957 626 divinae
979 563 1186 629 documenta

236 647 421 729 sapientiae,
436 663 510 726 quae
530 644 599 706 Nos
619 644 683 724 ipsi
704 644 902 707 nominatim
921 645 957 706 in
971 645 1095 710 litteris
1115 647 1187 710 En-

237 729 372 810 cyclicis
394 726 434 790 de
454 725 632 789 civitatum
659 724 899 788 constitutione
919 724 1100 790 christiana
1123 743 1185 788 ex-

237 809 446 891 plicavimus.
470 807 586 885 ltaque
615 822 676 886 per
704 821 788 885 quos
808 805 927 869 civitas
946 806 1091 885 regitur,
1113 807 1186 888 pri-

237 908 331 954 mum
352 887 502 951 conferre
522 902 657 964 operam
678 885 866 968 generatim
894 889 995 967 atque
1025 887 1185 950 universe

238 971 360 1034 debent
391 970 463 1031 tota
493 966 621 1028 ratione
655 967 770 1042 legum
804 970 904 1047 atque
934 967 1180 1046 institutorum,

240 1051 365 1114 scilicet
386 1045 557 1110 efficiendo
577 1050 616 1108 ut
636 1063 678 1108 ex
698 1045 771 1125 ipsa
793 1046 1056 1111 conformatione
1077 1051 1183 1128 atque

239 1129 528 1195 administratione
547 1125 738 1206 reipublicae
768 1126 857 1189 ultro
911 1129 1088 1209 rosperitas
1109 1133 1182 1192 tam

238 1209 489 1274 communitatis
510 1224 611 1288 quam
633 1206 840 1286 privatorum
860 1224 878 1269 e
915 1211 1052 1272 crescat.
1070 1209 1109 1270 Id
1128 1212 1182 1272 est

238 1291 329 1353 enim
359 1289 465 1352 civilis
497 1286 681 1368 prudentia
711 1304 845 1362 munus,
869 1288 1105 1432 propriumtpue
1126 1307 1183 1353 eo·

238 1388 326 1448 rum,
373 1371 407 1432 ui
429 1371 588 1449 praesunt,
612 1367 769 1431 officium.
795 1369 891 1432 Nunc
923 1387 1001 1433 vero
1029 1369 1090 1431 ila
1111 1386 1183 1433 ma-

240 1453 326 1514 xime
340 1469 357 1514 e
396 1449 486 1523 ciunt
499 1464 673 1528 prosperas
687 1449 852 1530 civitates,
870 1466 1001 1513 morum
1018 1449 1180 1531 probitas,

207 1538 329 1595 ·recte
359 1535 460 1612 atque
491 1527 606 1592 ordine
636 1529 827 1592 constitutae
859 1530 1004 1609 familiae,
1027 1530 1181 1594 custodia

240 1612 412 1690 religionis
440 1628 479 1672 ac
506 1608 668 1689 justitia,
696 1626 833 1673 onerum
863 1611 1073 1690 publicorum
1102 1627 1182 1674 oum

239 1692 409 1756 moderata
423 1689 597 1768 irrogatio,
613 1693 686 1751 tum
701 1706 797 1770 aequa
811 1691 957 1771 partitio,
973 1692 1181 1754 incrementa

240 1773 364 1835 artium
385 1777 418 1834 et
439 1775 646 1846 mercatura,
662 1769 784 1835 florens
804 1788 966 1851 agrorum
986 1772 1129 1848 cultura,
1147 1777 1181 1834 et

239 1855 268 1916 ai
289 1871 356 1935 qua
376 1854 455 1915 sunt
477 1850 543 1913 alia
564 1851 698 1928 generis
721 1850 881 1931 ejusdem,
904 1869 978 1934 quas
1008 1869 1075 1932 quo
1108 1869 1179 1914 ma·

234 1933 308 2013 J'ore
328 1932 439 1997 studio
466 1930 706 2011 provebuntur,
729 1948 767 1994 eo
799 1933 918 1996 melius
946 1936 1026 1995 sunt
1055 1931 1180 1994 victuri

238 2015 329 2078 cives
350 2020 383 2075 et
404 2011 543 2076 beatius.
566 2045 606 2055 -
633 2011 761 2077 Harum
792 2012 900 2090 igitur
921 2013 1044 2077 virtute
1066 2030 1180 2076 rerum

239 2095 273 2155 in
308 2095 471 2170 potestate
506 2094 672 2154 rectorum
705 2091 852 2155 civitatis
886 2095 956 2171 est,
986 2096 1024 2155 ut
1058 2093 1179 2156 ceteris

238 2173 391 2254 prodesse
412 2170 593 2246 ordinibus,
617 2171 664 2234 sic
692 2173 725 2237 et
745 2172 999 2253 proletariorum
1021 2173 1183 2237 conditio·

237 2269 315 2315 nem
332 2251 452 2332 juvare
466 2251 660 2331 plurimum:
677 2252 777 2332 idque
795 2252 871 2334 jure
892 2271 953 2318 suo
969 2255 1107 2336 optimc,
1122 2271 1181 2317 ne-

239 2349 303 2415 que
325 2331 394 2395 ulla
414 2349 491 2406 cum
511 2332 775 2411 importunitatis
796 2334 1004 2415 suspicione:
1028 2333 1125 2398 debet
1145 2353 1181 2398 e·

240 2415 308 2476 nim
329 2413 517 2494 respublica
544 2413 683 2490 exlege
706 2414 853 2481 muneris
875 2415 927 2478 sui
947 2414 982 2477 in
1003 2432 1181 2480 commune

236 2495 422 2557 consulere.
446 2493 514 2568 Quo
542 2497 655 2556 autem
675 2494 926 2559 commodorum
946 2496 1042 2576 copia
1061 2512 1182 2577 prove·

238 2575 323 2638 nerit
354 2593 395 2637 ex
422 2573 485 2636 hac
512 2573 664 2652 generali
685 2574 894 2654 providentia
915 2574 1032 2655 maior,
1057 2592 1095 2639 eo
1118 2576 1181 2639 mi-

239 2673 303 2749 nus
333 2654 499 2750 oportebit
528 2655 611 2716 alias
640 2652 683 2715 ad
713 2653 869 2734 opificum
904 2656 1046 2719 salutem
1080 2673 1182 2738 expe·

238 2752 297 2797 rrrr
318 2752 403 2798 vras.

278 2815 340 2877 Sed
372 2815 456 2877 illud
488 2817 650 2895 praeterea
680 2813 969 2894 considerandum,
992 2816 1081 2898 quod
1108 2833 1183 2882 rem

236 2894 339 2957 altius
360 2895 509 2973 attingit,
525 2911 628 2958 unam
649 2894 796 2958 civitatis
816 2913 888 2961 esse
903 2897 1079 2978 rationem,
1091 2913 1184 2961 com-

238 2991 373 3036 munem
396 2991 602 3038 summorum
623 2979 723 3055 atque
743 2975 946 3041 infimorum.
971 2979 1055 3042 Sunt
1080 2977 1182 3042 nimi-

238 3071 313 3116 rum
334 3054 506 3134 proletarii
527 3056 600 3135 pari
617 3053 694 3135 J‘ure
715 3072 792 3119 cum
812 3057 1035 3139 locupletibus
1057 3062 1183 3122 natura

235 3134 343 3214 cives,
360 3133 421 3197 hoo
435 3138 485 3198 est
499 3139 610 3216 partes
624 3148 712 3200 vera
727 3137 898 3219 vitamque
912 3139 1077 3214 viventes,
1089 3138 1183 3204 unde

238 3214 586 3294 constat‚·interJectis
605 3215 755 3296 familiis,
777 3234 898 3300 corpus
920 3219 1124 3299 reipublice:
1141 3225 1183 3285 ut

238 3312 281 3358 ne
301 3295 385 3358 illud
406 3293 624 3375 adjungatur,
647 3296 683 3359 in
704 3298 796 3361 omni
823 3299 905 3363 urbe
929 3315 985 3362 eos
1013 3317 1086 3364 esse
1117 3317 1183 3364 nu-

239 3392 330 3438 mero
351 3376 453 3454 longe
475 3374 631 3440 maximo.
656 3377 737 3441 (ium
758 3378 867 3456 igitur
887 3379 974 3443 illud
997 3381 1041 3444 sit
1059 3381 1181 3462 perab-

235 3455 389 3535 surdum,
417 3455 504 3535 parti
536 3455 660 3519 civium
691 3460 888 3540 consulere;
908 3463 1037 3542 partein
1068 3462 1184 3541 negli-
