2576 4180
620 198 800 300 -2022

240 349 353 424 tepere
374 345 514 408 Romani
536 345 708 409 antistites
730 344 770 407 de
792 344 949 408 universa
970 343 1061 406 civili
1076 345 1180 406 socie-

241 429 310 488 tate
331 429 364 488 et
386 443 485 506 quam
506 425 644 504 egregie
664 425 733 489 sint
762 423 900 487 meriti?
935 423 1086 486 Profecto
1117 423 1182 486 De-

240 523 383 569 cessores
404 506 527 585 Nostri,
551 509 589 569 ut
609 506 809 586 populorum
829 504 916 568 bono
937 504 1178 585 prospicerent,

241 585 349 648 omnis
370 586 504 664 generis
524 586 707 648 certamina
727 587 905 664 suscipere,
934 602 1055 664 graves
1076 601 1183 646 exan-

240 666 324 729 tlare
344 667 485 745 labores,
508 683 609 746 seque
630 665 755 747 asperis
769 663 1026 728 difficultatibus
1038 663 1184 744 objicere

240 764 413 827 nunquam
444 745 656 809 dubitarunt:
688 751 723 808 st
754 745 871 808 defixis
902 745 939 808 in
969 745 1050 807 caelo
1071 743 1182 806 oculis

240 843 348 908 neque
367 826 593 906 improborum
614 827 712 888 minis
733 825 914 888 submisere
939 823 1096 898 frontem,
1124 840 1184 886 ne·

241 923 304 986 que
323 907 494 969 blanditiis
527 910 587 968 aut
617 905 926 985 pollicitationibus.
942 923 977 968 se
1007 905 1049 967 ab
1070 903 1184 968 officio

241 987 362 1050 abduci
383 986 542 1065 degeneri
562 1003 699 1048 assensu
720 985 809 1067 passi
829 989 916 1068 sunt,
937 985 1016 1047 Fuit
1036 985 1108 1046 baec
1136 985 1184 1045 A·

240 1067 402 1148 postolica
422 1065 534 1145 Sedes,
556 1084 630 1148 qua
651 1067 787 1147 dilapsa
807 1065 974 1128 societatis
994 1063 1118 1126 veteris
1133 1081 1185 1126 re·

241 1147 361 1227 liquias
382 1147 522 1224 collegit
541 1150 575 1209 et
594 1145 864 1225 coagmentavit;
887 1145 957 1207 haec
978 1144 1094 1210 eadem
1123 1142 1185 1206 fax
1281 1153 1282 1196 l

242 1227 349 1290 amica
367 1226 443 1303 init,
467 1243 533 1308 qua
554 1228 745 1289 humanitas
765 1225 1023 1288 christianorum
1051 1230 1185 1306 tempo·

240 1323 316 1369 rum
338 1306 480 1386 effulsit;
503 1305 569 1368 fuit
589 1307 659 1370 haec
681 1306 800 1368 salutis
829 1305 976 1368 anchora
1006 1305 1095 1367 inter
1120 1321 1185 1366 sae·

242 1387 394 1450 vissimas
413 1390 639 1467 tempestates,
661 1387 756 1467 queis
776 1386 922 1448 humana
942 1385 1122 1465 progenies
1133 1382 1186 1463 ja-

241 1469 332 1528 ctata
353 1468 418 1540 est;
442 1484 573 1529 sacrum
594 1467 658 1530 fuit
678 1465 864 1529 concordiae
883 1466 1056 1527 vinculum
1092 1464 1186 1545 quod
1281 1469 1282 1472 ’

242 1547 395 1610 nationes
415 1546 548 1610 dissitas
568 1545 782 1627 moribusque
796 1545 941 1608 diversas
954 1546 1091 1608 interse
1104 1561 1186 1607 con·
1281 1545 1282 1568 ²

241 1627 393 1690 sociavit:
427 1632 579 1689 centrum
610 1626 752 1707 denique
782 1641 959 1688 commuue
990 1624 1066 1703 fuit,
1092 1625 1185 1688 unde

242 1724 319 1770 eum
339 1706 415 1770 fidei
436 1712 470 1770 et
490 1706 664 1785 religionis
685 1707 848 1786 doctrina,
871 1710 945 1768 tum
965 1705 1056 1784 pacis
1079 1707 1114 1766 et
1137 1722 1186 1768 re

240 1806 315 1850 rum
337 1789 561 1866 gerendarum
581 1787 728 1865 auspicia
750 1804 789 1848 ao
810 1786 949 1848 consilia
969 1784 1183 1866 petebantur.

242 1868 324 1944 Quid
357 1867 486 1930 multa‘l
523 1867 722 1930 Pontificum
753 1866 980 1928 Maximorum
1009 1865 1084 1926 laus
1117 1868 1183 1944 est,

242 1947 330 2028 quod
351 1947 617 2010 constantissime
639 1964 675 2009 se
695 1963 756 2026 pro
770 1963 866 2008 muro
881 1951 915 2007 et
926 1946 1185 2026 propugnaculo

242 2027 432 2106 obJecerint,
455 2046 496 2090 ne
517 2028 665 2089 humana
695 2027 833 2089 societas
854 2025 889 2088 in
910 2024 1185 2106 superstitionem

241 2112 275 2168 et
296 2107 481 2171 barbariem
502 2107 675 2187 antiquam
697 2105 910 2168 relaberetur.
1011 2162 1014 2169 .

282 2187 417 2248 Utinam
438 2190 551 2249 autem
572 2188 730 2249 salutaris
744 2186 815 2248 haeo
829 2185 1011 2248 auctoritas
1025 2184 1186 2262 neglecta

242 2283 414 2346 nunquam
435 2271 520 2329 esset
542 2267 595 2329 vel
616 2264 807 2346 repudiata!
831 2266 983 2329 Proiecto
1009 2281 1117 2406 usgue
1140 2265 1187 2330 ci·

243 2346 319 2408 vilis
341 2346 549 2427 Principatus
570 2351 754 2424 augustum
776 2348 810 2408 et
830 2363 962 2408 sacrum
992 2345 1052 2408 illu
1098 2345 1186 2408 ami·

241 2426 339 2489 sisset
360 2425 471 2507 decus,
495 2426 583 2507 quod
598 2444 619 2489 a
633 2427 796 2505 religione
810 2425 953 2489 inditum
968 2424 1182 2504 praeferebat,

241 2505 1185 2588 quodqueunumparendiconditionembominedignam

241 2587 452 2669 nobilemque
472 2587 591 2668 efficit;
614 2605 721 2668 neque
743 2588 944 2650 exarsissent
973 2587 1024 2648 tot
1045 2584 1186 2648 seditio·

240 2685 300 2731 nes
321 2672 354 2730 et
374 2668 473 2746 bella,
497 2685 571 2749 quae
591 2666 840 2730 calamitatibus
860 2671 895 2730 et
908 2664 1053 2728 caedibus
1072 2667 1185 2728 terras

239 2747 468 2826 iunestarunt;
502 2765 608 2830 neque
637 2765 745 2824 regna
775 2746 855 2810 olim
885 2743 1133 2822 florentissima,
1166 2762 1184 2807 e

239 2830 466 2908 prosperitatis
496 2827 643 2893 culmine
674 2824 815 2906 dejecta,
841 2826 993 2889 omnium
1012 2841 1185 2888 arumna·

238 2924 314 2970 rum
328 2907 472 2986 pondere
482 2910 722 2988 premerentur.
734 2906 837 2986 Cujus
851 2905 897 2969 rei
911 2904 1063 2983 exemplo
1078 2904 1185 2970 etiam

239 2992 319 3049 sunt
337 2987 520 3052 orientales
551 2989 675 3069 populi,
709 2987 767 3068 qui
800 2984 951 3066 abruptis
973 2983 1186 3050 suavissimis

239 3067 395 3147 vinculis,
417 3069 537 3149 quibus
557 3085 634 3131 cum
654 3066 845 3147 Apostolica
866 3067 929 3129 hac
950 3064 1032 3128 Sede
1049 3063 1184 3144 junge·

237 3146 370 3223 bantur,
394 3149 561 3229 primaevae
581 3147 765 3210 nobilitatis
785 3146 1007 3225 splendorem,
1031 3144 1186 3208 scientia

238 3244 313 3290 rum
334 3231 367 3291 et
387 3227 510 3291 artium
531 3227 675 3306 laudem,
697 3229 796 3307 atque
818 3225 949 3307 imperii
980 3224 1033 3288 sui
1064 3225 1184 3304 digni-

240 3310 342 3370 tatem
364 3309 559 3372 amiserunt.
1057 3283 1069 3347 ¹

281 3388 441 3452 Praeclara
471 3391 583 3451 autem
615 3386 788 3466 beneficia,
821 3402 895 3466 quae
927 3386 963 3447 in
996 3385 1184 3465 quamlibet

239 3471 336 3532 terrae
355 3470 493 3549 plagam
525 3468 566 3531 ab
597 3467 789 3548 apostolica
818 3465 900 3528 Sede
929 3465 1080 3546 profecto
1107 3481 1184 3529 esse
