2554 4182
475 243 654 305 -371-

97 351 279 414 madvertit
299 350 492 412 Tridentino
514 348 676 430 synodus,
694 348 904 430 quippe-quae
917 352 1039 427 praetcr

98 432 175 510 alia,
198 433 298 493 etiam
320 430 516 508 ignominiae
537 433 651 491 notam
673 429 715 490 iis
736 429 868 506 inussit,
903 428 1040 509 ejectos·

99 529 163 591 que
185 511 342 581 Ecclesiae
362 512 503 588 gremio,
526 509 650 574 honere
673 508 993 586 indignosoonsuit,
1011 511 1040 571 si

99 595 134 652 in
145 591 325 652 certamine
337 589 831 666 occumberentectissimum
844 588 1036 667 sepulturae.

99 671 308 732 Tridentinus
328 671 516 731 sanctiones
538 669 713 748 ampliavit
727 669 972 749 explicavitque
986 669 1039 730 de·

101 768 214 812 cessor
248 751 366 812 Noster
396 748 591 812 Benedictus
623 749 700 810 XlV
732 749 766 811 in
798 743 1039 811 Constitutione

101 831 181 891 data
202 829 253 891 die
275 847 299 892 x
321 829 516 890 Novembris
543 846 632 890 anno
664 845 819 902 unccnu,
852 829 947 907 cujus
979 830 1040 889 ini-

101 910 189 972 tium
210 911 461 972 Detestabilem.
479 907 667 971 Novissima
681 912 793 970 autem
807 912 954 987 ternpore
970 908 992 970 f.
1010 926 1037 970 r.

102 991 180 1050 Pius
203 991 248 1049 lx
271 989 306 1050 in
328 988 449 1050 litteris
469 988 669 1070 apostolicis,
688 1005 829 1068 quarum
844 996 894 1050 est
908 989 1039 1049 initium

102 1071 439 1145 apostolicaesedis,
462 1086 521 1148 per
543 1086 623 1148 quas
644 1085 791 1130 censurae
813 1071 888 1129 latae
909 1073 1040 1130 senten-

101 1149 158 1210 tiae
192 1148 393 1225 limitantur,
428 1153 540 1229 aperte
574 1148 767 1226 declaravit,
803 1148 1039 1210 ecclesiasticas

102 1244 219 1308 poenas
239 1229 444 1291 committere
459 1247 525 1291 non
541 1228 638 1289 modo
650 1229 705 1307 qui
717 1228 826 1289 duello
841 1229 1036 1304 confligant,

102 1308 160 1370 s'ed
181 1325 236 1370 eos
257 1309 357 1369 etiam
379 1326 461 1388 quos
483 1307 633 1387 patrinos
662 1314 796 1385 vocant,
829 1309 974 1389 itemque
1006 1312 1039 1392 et

101 1391 201 1450 testes
223 1392 257 1450 et
277 1390 434 1451 conscios.
458 1390 665 1463 —Qnarum
686 1389 802 1466 legum
817 1388 980 1466 sapientia
1000 1405 1038 1449 eo

101 1467 305 1529 luculentius
326 1469 456 1540 emicat,
480 1484 545 1546 quo
566 1467 728 1546 ineptiora
759 1484 797 1529 ea
828 1485 898 1529 esse
934 1467 1039 1546 liquet

102 1564 176 1626 quae
190 1546 232 1608 ad
246 1547 423 1610 immanem
439 1548 540 1609 duelli
550 1564 679 1608 morem
698 1547 859 1608 tuendum
874 1546 926 1607 vel
941 1565 1038 1608 excu-

101 1627 243 1714 sandum
264 1628 371 1688 solent
392 1628 543 1706 proferri.
566 1627 651 1688 Nam
674 1625 761 1707 quod
782 1625 817 1687 in
839 1628 965 1708 vulgus
988 1644 1039 1689 se·

101 1707 198 1784 nitur,
222 1707 405 1768 certamina
426 1707 459 1768 id
479 1724 588 1784 genus
619 1711 740 1767 natura
763 1723 824 1767 sua
844 1710 1038 1784 comparata

1 1789 3 1814 ¹
101 1803 172 1848 esse
193 1786 235 1848 ad
256 1779 404 1848 maculas
425 1787 593 1854 eluendas,
616 1804 698 1867 quus
720 1785 842 1846 civium
858 1786 976 1848 honori
992 1788 1038 1848 al·

101 1868 204 1928 terius
226 1867 393 1928 calumnia
414 1871 474 1927 aut
494 1867 680 1928 convicium
713 1865 892 1943 induxerit,
924 1866 956 1927 id
988 1869 1038 1928 est

100 1945 263 2024 ejusmodi
286 1950 323 2007 ut
344 1948 511 2008 neminem
532 1948 637 2024 possit
669 1946 733 2007 nisi
765 1945 939 2009 vecordem
978 1946 1038 2007 fal-

100 2026 178 2088 lere.
196 2026 354 2100 Quamvis
368 2027 455 2088 enim
470 2045 487 2088 e
502 2028 683 2088 certamine
700 2026 803 2088 victor
819 2026 1051 2107 decedatqni‚·

99 2105 225 2185 injuria
246 2109 389 2184 accepta,
413 2106 497 2167 illud
514 2106 643 2184 indixit,
662 2106 811 2168 omnium
827 2105 1039 2169 cordatorum

100 2185 274 2247 hominum
296 2183 358 2247 hoc
379 2185 442 2246 erit
460 2185 634 2262 judicium,
658 2187 718 2247 tali
740 2185 930 2248 certaminis
945 2187 1038 2248 exitu

101 2265 227 2336 uiribus
245 2264 381 2344 quidem
403 2265 443 2326 ad
466 2266 672 2334 luctandum,
696 2273 755 2328 aut
780 2266 963 2328 tractandis
984 2285 1038 2328 ar·

100 2343 163 2412 mis
184 2345 351 2406 meliorem
372 2346 584 2408 lacessentem
600 2345 738 2426 probari.
756 2362 822 2408 non
836 2346 910 2407 ideo
927 2353 1038 2408 tamen

100 2423 275 2486 honestate
296 2425 468 2504 potiorem.
492 2426 584 2502 Quod
606 2426 740 2488 siidem
769 2427 838 2504 ipse
869 2425 1035 2504 ceciderit,

99 2505 152 2564 cui
175 2522 290 2566 rursus
312 2523 378 2568 non
399 2507 598 2582 inconsulta,
622 2523 690 2567 non
712 2506 807 2584 plane
829 2505 952 2566 absona
966 2505 1038 2566 haec

98 2581 234 2645 honoris
256 2585 367 2646 tuendi
399 2587 481 2647 ratio
514 2585 690 2646 videatur?
725 2584 888 2663 Equidem
900 2586 1036 2663 mancos

100 2680 172 2724 esse
193 2680 316 2739 remur,
339 2666 393 2740 qui
416 2665 478 2724 hoc
499 2665 618 2726 obeant
639 2663 781 2742 facinus,
804 2667 966 2742 opinionis
987 2680 1048 2726 er-·

98 2759 173 2805 rore
195 2741 332 2820 decepti.
356 2743 495 2824 Omnino
516 2744 680 2821 cdpiditas
701 2745 839 2805 ultionis
868 2749 928 2819 est,
963 2762 1037 2824 quae

96 2821 189 2884 viros
211 2822 369 2900 superbos
391 2828 424 2884 et
445 2833 544 2884 acres·
559 2823 601 2884 ad
622 2840 755 2900 poenam
777 2825 950 2902 petendam
974 2825 1036 2886 irn-

97 2903 207 2980 pellit:
232 2902 288 2981 qui
310 2903 337 2963 si
359 2901 482 2964 elatum
516 2903 665 2964 animum
698 2903 869 2968 moderari.
903 2907 1036 2984 Deoque

98 2981 324 3062 obtemperare
340 2982 443 3044 velint
457 2983 513 3063 qui
527 2982 677 3044 homines
688 2981 784 3061 jubet
796 2985 935 3061 diligere
950 2987 1037 3047 inter

97 3078 133 3122 se
154 3079 267 3124 amore
289 3053 447 3136 fraterno,
479 3069 744 3142 et‘quemquam
781 3064 898 3124 violari
930 3069 1034 3142 vetat,

98 3140 156 3220 qui
170 3141 349 3203 ulciscendi
362 3141 530 3204 libidinem
546 3145 581 3203 in
598 3142 738 3220 privatis
753 3143 941 3206 hominibus
957 3161 1036 3221 gra·

97 3220 234 3282 vissime
255 3221 402 3294 damnat,
425 3240 463 3283 ac
484 3239 657 3301 poeuarurn
689 3222 940 3301 repetendarum
973 3223 1036 3285 sibi

99 3300 197 3362 unice
219 3306 366 3362 reservat
387 3307 598 3382 potestatem,
622 3301 664 3363 ab
687 3301 837 3386 immani·
856 3306 1036 3364 consuetu-

100 3380 177 3442 dine
199 3380 383 3442 duellorum
407 3381 503 3444 facile
524 3381 740 3444 discederent.

142 3461 254 3541 Neque
284 3461 351 3522 illis
381 3464 437 3541 qui
467 3463 615 3524 oblatum
649 3467 816 3523 certarnen
847 3461 1035 3541 suscipiunt
