2484 4178
579 224 719 282 ..4-

179 329 351 408 consistat,
373 333 407 391 et
438 329 480 392 ad
503 331 690 391 extremam
721 327 900 410 perniciem
931 328 1116 392 humanum

180 429 289 491 genus
306 412 378 491 jam
398 427 491 489 pene·
503 409 684 472 devenerit.
901 453 903 457 -

219 491 372 570 supremi
400 495 512 552 autem
534 489 689 552 Ecclesia
713 489 886 564 Pastores,
909 488 1031 569 quibus
1051 489 1117 551 Do-

179 571 292 634 minici
313 571 431 649 gregis
451 569 493 632 ab
513 569 660 632 hostium
691 568 820 631 insidiis
840 569 970 632 tutandi
994 586 1118 630 munus

179 651 352 724 incumbit,
375 654 506 712 mature
527 649 712 728 periculum
736 652 885 711 avertere
913 653 947 712 et
968 649 1117 711 fidelium

179 732 279 794 saluti
300 730 473 794 consulere
494 729 705 792 studuerunt.
720 730 765 792 Ut
778 732 867 792 enim
881 731 1025 809 primum
1040 746 1118 791 con-

178 811 253 873 flari
266 817 439 890 coeperunt
453 809 667 872 clandestina
681 810 866 887 societates,
883 825 1025 891 quarum
1039 809 1117 872 sinu
1210 789 1229 814 '⁹

178 909 348 970 errorum,
372 908 456 971 quos
486 891 762 968 memoravimus,
785 891 913 952 semina
938 906 1010 969 Jarn
1041 892 1115 952 tum

177 972 397 1051 fovebantur,
420 970 558 1033 Romani
590 969 763 1032 Pontifices
794 971 944 1032 Clemens
975 970 1058 1049 Xll,
1081 974 1116 1032 et

176 1052 374 1114 Benedictus
395 1051 473 1113 XIV
494 1049 597 1130 impia
618 1054 782 1117 sectarum
797 1051 934 1112 consilia
948 1049 1112 1127 detegere,

179 1137 212 1194 et
233 1132 273 1194 de
294 1132 461 1208 pernicie,
488 1147 562 1210 qnae
593 1130 736 1192 latenter
757 1130 987 1214 instrueretur,
1011 1130 1116 1191 totius

178 1211 266 1274 orbis
286 1211 400 1276 fideles
421 1210 598 1272 admonere
619 1227 686 1272 non
707 1210 1001 1290 praetermiserunt.
1021 1209 1115 1271 Post

179 1309 279 1372 quam
300 1310 378 1355 vero
400 1293 441 1354 ab
463 1291 514 1370 iis,
529 1291 586 1371 qui
608 1291 881 1372 philosophorum
895 1290 1027 1352 nomine
1041 1290 1115 1366 glo-

177 1372 360 1450 riabantur,
384 1371 517 1433 effrenis
537 1371 688 1451 quaedam
717 1371 853 1433 libertas
873 1370 998 1433 homini
1019 1370 1115 1430 attri-

178 1453 259 1514 buta
280 1457 341 1522 est,
365 1456 397 1514 et
415 1451 471 1532 jus
493 1468 630 1530 novum,
653 1455 691 1511 ut
712 1450 819 1530 ajunt,
843 1456 958 1512 contra
980 1454 1117 1511 natura-

178 1533 243 1595 lem
262 1531 474 1611 divinamque
495 1531 604 1609 legem
619 1529 768 1608 confingi
788 1533 821 1591 et
835 1531 955 1592 sanciri
968 1534 1117 1608 coeptum

179 1616 242 1689 est,
265 1611 322 1674 fel.
345 1629 443 1674 mem.
467 1611 545 1672 Pius
568 1612 656 1691 Papa
677 1611 722 1670 VI
753 1609 867 1672 statim
891 1611 1040 1691 iniquam
1062 1627 1117 1670 ea·

178 1708 254 1753 rum
275 1691 499 1754 doctrinarum
522 1689 668 1752 indolem
700 1692 733 1751 et
764 1689 944 1751 falsitatem
971 1689 1116 1768 publicis

179 1772 386 1851 documentis
407 1770 571 1850 ostendit3
604 1771 770 1850 simulque
793 1769 985 1849 Apostolica
1004 1769 1117 1849 provi-

179 1852 290 1915 dentia
311 1852 424 1914 ruinas
444 1851 612 1929 praedixit,
635 1850 676 1912 ad
698 1867 780 1930 quas
808 1849 899 1930 plebs
921 1851 1040 1912 misere
1060 1848 1117 1910 de-

178 1937 273 2009 cepta
294 1934 479 2012 raperetur.
503 1965 540 1974 —
572 1929 634 1991 Sed
665 1947 742 1991 cum
773 1929 989 1993 nihilominus
1022 1929 1118 1991 nulla

178 2011 302 2074 efficaci
328 2011 457 2074 ratione
489 2012 626 2071 cautum
655 2009 768 2080 fuerit,
792 2027 834 2072 ne
865 2028 970 2090 prava
1000 2026 1117 2072 earum

178 2091 339 2168 dogmata
368 2089 479 2166 magis
509 2089 633 2151 indies
664 2090 795 2170 populis
825 2089 1113 2169 persuaderentur,

178 2189 262 2234 neve
283 2172 319 2233 in
339 2169 473 2250 publica
494 2186 675 2247 regnorum
706 2169 792 2232 scita
823 2171 1012 2246 evaderent,
1034 2169 1115 2231 Pius

178 2252 240 2314 ΡΡ.
264 2251 325 2312 VII
348 2254 382 2312 et
403 2251 468 2312 Leo
489 2250 551 2310 ΡΡ.
575 2250 639 2310 XlI
668 2250 814 2312 occultas
842 2254 948 2312 sectas
973 2248 1112 2311 anathe-

179 2335 267 2393 mate
288 2331 501 2407 damnarunt,
524 2333 623 2410 atque
643 2329 765 2392 iterum
786 2330 825 2392 de
845 2331 1004 2410 periculo,
1027 2329 1116 2409 quod

178 2411 218 2472 ab
239 2411 307 2473 illis
327 2410 555 2487 impendebat,
579 2410 772 2473 societatem
796 2410 1051 2473 admonuerunt.
1074 2445 1116 2454 -

159 2491 337 2554 Omnibus
358 2491 500 2571 denique
519 2490 732 2553 manifestum
754 2494 803 2553 est
834 2490 954 2572 quibus
984 2489 1116 2567 gravis-

178 2572 270 2633 simis
290 2571 399 2634 verbis
413 2577 446 2634 et
462 2574 588 2650 quanta
607 2572 707 2634 animi
730 2570 888 2633 firmitate
909 2588 948 2632 ac
962 2573 1117 2632 constan-

178 2651 227 2713 tia
241 2651 409 2729 gloriosus
430 2652 588 2713 Decessor
608 2651 728 2714 Noster
749 2651 829 2713 Pius
851 2653 909 2730 IX,
931 2650 955 2712 f.
972 2668 1029 2724 m.,
1047 2649 1117 2712 sive
1140 2696 1144 2701 .
1238 2691 1239 2696 η

179 2731 437 2795 allocutionibus
457 2731 600 2808 habitis,
623 2731 695 2792 sive
716 2730 849 2793 Litteris
870 2730 1050 2811 encyclicis
1073 2729 1117 2790 ad

178 2812 281 2874 totius
312 2812 400 2874 orbis
421 2811 601 2892 Episcopoa
631 2811 729 2886 datis,
750 2816 823 2872 tum
854 2815 972 2872 contra
1002 2810 1117 2889 iniqua

170 2896 345 2954 ‘sectarum
366 2893 555 2968 conamine,
577 2896 649 2952 tum
680 2892 878 2953 nominatim
909 2893 1025 2952 contra
1045 2888 1117 2969 jam

178 2987 220 3032 ex
241 2971 324 3052 ipsis
354 2975 581 3049 erumpentem
612 2969 795 3034 socialismi
825 2973 951 3049 pestem
981 2968 1116 3031 dimica-

179 3051 276 3114 verit.

217 3130 403 3192 Dolendum
424 3132 536 3193 autem
551 3134 601 3194 est
615 3147 682 3206 eos,
699 3129 819 3211 quibus
836 3130 1023 3192 communis
1038 3128 1115 3192 boni

177 3227 258 3272 cura
279 3211 477 3274 demandata
503 3217 574 3288 est,
597 3211 774 3291 impiorum
795 3210 967 3273 hominum
989 3208 1113 3272 fraudi·

176 3290 239 3353 bus
260 3291 504 3354 circumventos
532 3297 565 3352 et
595 3290 695 3354 minis
724 3291 915 3372 perterritos
946 3290 981 3352 in
1004 3290 1115 3352 Eccle-

178 3371 261 3433 siam
282 3387 413 3451 semper
434 3371 615 3451 suspicioso
643 3373 697 3434 vel
728 3371 829 3433 etiam
859 3371 974 3451 iniquo
1005 3371 1115 3434 animo

177 3451 301 3530 tuisse,
324 3468 391 3514 non
411 3451 642 3530 intelligentes
662 3454 827 3514 sectarum
849 3457 989 3514 conatus
1012 3449 1047 3510 in
1068 3449 1113 3512 ir·
1238 3493 1239 3502 ,
