2484 4178
12 459 20 607 f
114 483 117 488 ·
219 467 492 586 irrisioni
524 468 840 588 moronti

36 719 40 722 ”
80 711 155 774 DE
198 711 574 776 PHILOSOPHIA
617 713 964 776 CHRISTIANA

156 809 216 872 ΑΙ)
238 809 419 872 MENTEM
441 811 474 872 S.
497 810 655 872 THOMAE
679 811 906 886 AQUINATIS

21 900 23 903 ’
332 908 529 971 DOGTORIS
559 909 763 972 ANGELIOI

97 1005 150 1067 IN
181 1005 350 1068 SOHOLIS
380 1006 623 1069 OATHOLIOIS
653 1007 955 1070 INSTAURANDA

364 1474 466 1552 LEO
493 1475 574 1551 ΡΙ).
607 1475 715 1552 ΧΙΙΙ.

280 1707 564 1785 VENERABILES
589 1707 774 1774 FRATRES

39 1831 40 1834 ’
159 1842 312 1891 srnnrnn
332 1842 373 1888 nr
394 1841 615 1888 snosronrcnn
638 1839 903 1886 snnnnrcmonnn

94 2029 224 2092 AEterni
256 2028 362 2092 Patris
390 2029 593 2107 Unigenitns
620 2027 736 2106 Filius,
760 2028 817 2110 qni
841 2028 874 2090 in
899 2029 996 2091 terris

30 2110 223 2190 pparnit,
247 2115 285 2172 nt
315 2108 461 2174 humano
493 2108 607 2188 generi
639 2109 780 2171 salutem
812 2111 846 2170 et
872 2108 995 2170 divinae

50 2190 231 2270 'sapientire
252 2192 360 2252 lucem
382 2189 527 2268 offerret,
544 2206 707 2266 magnum
729 2189 828 2268 plone
843 2205 882 2250 ac
897 2188 995 2251 mirs-

74 2269 87 2323 i
104 2288 123 2332 e
138 2269 262 2333 mundo
284 2271 427 2333 contulit
449 2270 655 2345 beneficium,
671 2286 748 2331 oum
762 2269 861 2332 caelos
874 2269 996 2331 iterum

114 2368 278 2429 emarus,
301 2350 469 2429 Apostolis
489 2351 667 2430 proecepit,
689 2352 727 2410 nt
749 2351 870 2412 cuntes
897 2353 995 2412 doce·

50 2436 94 2510 ἢ
127 2433 139 2492 t
161 2447 278 2494 omnes
299 2431 475 2508 cenres13
500 2429 748 2508 Ecclesismqnc
779 2448 800 2491 a
827 2446 861 2492 se
884 2429 998 2492 condi-

36 2509 128 2573 sm
150 2527 357 2573 communem
386 2513 419 2573 et
440 2526 629 2588 supremam
660 2511 860 2590 populorum
888 2509 996 2588 magi·

57 2598 163 2652 stram
183 2589 327 2671 reliquit.
353 2590 513 2654 Homines
534 2591 644 2665 enim,
667 2606 750 2670 quos
771 2589 894 2651 veritos
914 2590 997 2651 libe-

6 2673 8 2700 '
57 2673 208 2750 raverst,
231 2671 373 2732 veritate
404 2673 499 2733 erant
530 2668 769 2733 conservandi:
801 2685 909 2749 neque
939 2668 998 2730 diu
1086 2727 1088 2731 ,

6 2759 12 2850 ἰ
58 2749 317 2830 permansissent
336 2749 518 2814 oaelestium
534 2750 760 2812 doctrinarum
781 2747 924 2827 fructus
937 2765 998 2828 per

7 2859 9 2878 ·
57 2848 143 2910 qnos
163 2840 213 2892 est
233 2830 360 2892 homini
375 2836 480 2971 (fam
500 2831 601 2905 salus,
631 2829 697 2892 nisi
718 2828 866 2891 Christus
888 2828 999 2892 Domi-

8 2939 10 2952 ν
57 2927 123 2972 nus
143 2910 373 2972 erudiendisc
416 2909 514 2972 fidem
537 2911 704 2973 mentibus
725 2926 866 2989 perenne
887 2909 997 2988 magi·

58 2991 195 3052 sterium
216 2991 455 3053 constituisset.
479 2989 628 3053 Ecclesia
649 3007 728 3052 vcro
749 2989 856 3051 divini
878 2991 999 3052 Aucto-

59 3071 106 3132 ris
126 3071 177 3132 sni
198 3088 275 3133 cum
297 3075 407 3134 erecta
427 3071 610 3152 promissis,
634 3073 707 3132 tum
729 3069 859 3132 imitato
878 3070 998 3132 carito-

59 3155 137 3228 tem,
162 3151 208 3214 sic
226 3150 322 3230 jusso
341 3149 488 3230 perfecit,
512 3154 551 3213 ut
581 3151 644 3214 hoc
671 3165 800 3230 semper
828 3149 996 3228 spectarit,

59 3231 121 3294 hcc
141 3231 287 3294 maxime
312 3232 468 3308 voluerit,
491 3232 531 3294 de
561 3229 725 3308 religione
756 3229 934 3311 praecipere
966 3233 1000 3292 et

59 3325 60 3328 ’
154 3311 322 3374 erroribus
342 3315 503 3392 perpetuo
524 3311 691 3374 dimicare.
715 3311 789 3372 Huc
816 3327 896 3374 sane
922 3326 998 3391 per-

90 3489 97 3523 ¹
116 3489 342 3553 Matth.xxv111,
360 3490 399 3542 19.
