2576 4180
469 245 650 306 -263—

79 349 143 429 qui
164 349 316 412 funditus
341 367 534 429 permovere
564 350 715 413 civitates
749 351 807 415 diu
834 352 1027 418 moliuntur.

81 463 124 474 -·
151 429 307 494 Statuant
327 430 434 510 igitur
455 448 493 492 ao
514 429 674 493 definiant
703 447 814 495 rerum
835 433 923 514 aequi
944 436 1031 496 aesti-

81 513 250 587 meteres,
283 512 367 574 tales
397 510 555 573 doctrinae
588 510 808 589 proficiantne
844 516 887 576 ad
914 513 1046 577 veram'

82 589 290 672 dignamque
311 590 457 654 hominis
477 590 684 668 libertatem,
708 608 752 654 an
780 592 893 671 potius
923 594 1033 674 ipsam

85 676 279 750 pervertant
300 673 473 752 totamque
494 675 720 750 corrumpant.

125 751 219 813 Certe
250 751 382 832 quidem
411 750 623 831 opinionibus
654 750 695 813 iis
726 752 780 813 vel
810 751 883 832 ipsa
913 753 1033 814 imma-

84 829 192 892 nitate
222 849 283 894 sua
313 831 552 908 formidolosis,
576 848 660 912 quas
692 848 712 892 a
743 833 885 895 veritate
916 836 1032 913 aperte

86 909 275 990 abhorrere,
291 911 487 992 easdemque
507 912 672 973 malorum
694 913 919 976 maximorum
934 931 1031 976 eaus-

83 1006 139 1052 sas
160 1008 230 1054 esse
250 990 408 1066 vidimus,
430 1008 498 1054 non
513 1008 627 1054 omnes
643 993 864 1055 Liberali-cmi
883 992 1033 1056 fautores

84 1072 324 1134 assentiuntur.
358 1072 444 1147 Quin
481 1069 646 1152 compulsi
684 1073 834 1134 veritatis
879 1072 1031 1154 viribus,

15 1165 16 1216 l
85 1151 197 1228 plures
217 1169 334 1214 eorum
354 1151 445 1214 haud
465 1157 624 1214 verentur
652 1149 771 1230 fateri,
793 1154 895 1215 immo
927 1153 1030 1216 etiam

15 1259 16 1290 r
85 1230 174 1293 ultro
194 1230 374 1310 affirmant,
389 1233 425 1294 in
445 1231 528 1294 vitio
550 1248 619 1294 esse
640 1236 673 1291 et
695 1233 792 1311 plane
806 1232 841 1294 in
862 1233 1032 1296 licentiam

15 1321 16 1384 j
85 1309 201 1373 cadere
221 1311 422 1387 libertatem,
440 1311 467 1374 si
488 1328 607 1390 gerere
621 1328 657 1373 se
670 1310 950 1393 intemperantius
971 1332 1032 1376 au-

85 1390 151 1468 sit,
171 1391 312 1454 veritate
333 1390 533 1472 justitiaque
560 1391 770 1471 posthabita:
797 1393 955 1474 quocirca
982 1412 1033 1456 re·

85 1469 231 1548 gandam
262 1471 582 1552 gubernandamque
610 1478 703 1533 recta
727 1473 855 1535 ratione
884 1490 975 1550 esse,
999 1478 1033 1537 et

86 1549 174 1630 quod
193 1568 400 1633 consequeus
421 1557 483 1627 est,
503 1551 573 1631 juri
594 1552 741 1614 naturali
756 1552 1033 1632 sempiternaeque

86 1630 158 1708 legi
178 1631 298 1695 divinae
319 1632 504 1712 subjectam
525 1649 596 1694 esse
617 1635 779 1710 oportere.
803 1631 864 1693 Sed
885 1632 939 1693 hie
953 1651 1033 1696 con-

86 1710 270 1776 sistendum
291 1712 367 1791 rati,
391 1711 536 1775 liberum
556 1711 725 1774 hominem
747 1711 883 1774 subesse
904 1717 1034 1790 negant

86 1790 206 1852 debere
237 1791 394 1870 legibus,
427 1809 508 1873 quas
530 1792 702 1871 imponere
728 1794 816 1854 Deus
840 1793 941 1862 velit,
966 1793 1034 1855 alia

86 1873 207 1950 praeter
225 1871 390 1936 rationem
411 1873 601 1935 naturalem
622 1871 689 1934 via.
707 1907 746 1917 -
761 1868 800 1933 Id
815 1888 890 1933 oum
906 1871 1032 1950 dicunt,

87 1949 150 2012 sibi
181 1951 319 2016 minime
349 1951 525 2016 cohaerent.
550 1951 684 2014 Etenim
716 1952 744 2015 si
767 1955 837 2031 est,
860 1951 950 2031 quod
969 1953 1034 2032 ipsi

88 2031 310 2109 consentiunt,
333 2050 393 2095 nec
424 2032 596 2095 dissentire
621 2037 729 2110 potest
746 2031 822 2111 jure
844 2032 1032 2112 quisquam,

88 2109 115 2169 si
136 2115 186 2172 est
207 2112 267 2174 Dei
287 2113 492 2191 legislatoris
513 2111 732 2175 obediendum
753 2112 930 2189 voluntati,
955 2113 1034 2194 quia

90 2192 191 2252 totus
209 2191 309 2255 homo
336 2193 371 2254 in
399 2195 563 2272 potestate
594 2194 645 2253 est
676 2192 756 2271 Dei,
787 2196 820 2254 et
853 2191 895 2254 ad
927 2194 1033 2256 Deum

19 2307 20 2310 =
88 2270 214 2350 tendit,
251 2273 464 2353 consequitur
497 2288 594 2351 posse
629 2274 794 2335 neminem
836 2274 1030 2335 auctoritati

14 2371 15 2374 ¹
89 2350 155 2428 ejus
186 2350 336 2430 legiferae
367 2352 449 2416 fines
474 2350 654 2414 modumve
677 2351 919 2494 Xraescribere,
953 2354 1033 2435 quin

90 2429 147 2492 hoc
192 2431 266 2512 ipso
311 2432 413 2496 iaciat
456 2436 574 2494 contra
615 2432 675 2494 obe
699 2433 835 2494 ientiam
877 2433 1030 2495 debitam.

90 2509 192 2574 Immo
213 2512 335 2574 verosi
355 2517 488 2576 tantum
508 2512 572 2575 sibi
586 2529 679 2574 mens
701 2511 854 2589 arrogari
872 2512 1030 2587 humana,

89 2597 135 2664 ut,
157 2608 233 2672 quae
261 2594 294 2653 et
315 2595 441 2672 quanta
472 2593 539 2655 sint
571 2595 645 2654 tum
675 2594 745 2654 Deo
764 2593 853 2672 jura,
876 2595 948 2654 tum
971 2593 1034 2655 sibi

89 2671 204 2750 officia,
239 2671 321 2733 velit
347 2673 420 2754 ipsa
442 2671 637 2745 decernere,
661 2672 898 2735 verecundiam
919 2672 1035 2751 legum

89 2747 277 2815 divinarum
298 2751 373 2832 plus
394 2752 550 2815 retinebit
571 2750 679 2831 specie
701 2768 801 2832 quam
822 2769 869 2826 re,
893 2753 926 2813 et
947 2752 1034 2815 arbi-

14 2909 15 2912 *
89 2831 186 2895 trium
208 2831 282 2910 eJ'us
303 2832 429 2895 valebit
449 2849 517 2912 prae
539 2835 739 2895 auctoritate
759 2849 799 2893 ao
824 2831 1035 2910 providentia

14 2923 15 2950 ³
91 2910 155 2973 Dei.
184 2947 228 2958 ——
249 2911 388 2974 Necesse
409 2918 459 2973 est
480 2911 599 2990 igitur,
623 2911 757 2973 vivendi
781 2928 933 2974 normam
953 2929 1033 2976 con·

14 3001 15 3036 ὲ
89 2994 212 3054 stanter
245 2992 490 3073 religioseque,
513 2995 550 3054 ut
582 3011 602 3053 a
631 2992 710 3069 lege
742 2994 889 3072 aeterna,
911 2993 959 3054 ita
991 2992 1033 3055 ab

14 3099 19 3136 l
89 3073 240 3136 omnibus
262 3071 313 3134 sin
342 3071 470 3153 ulisque
491 3079 602 3151 petere
624 3072 769 3149 legibue,
793 3089 876 3152 quas
904 3073 1034 3135 infinite

88 3153 241 3230 sapiens,
273 3152 308 3214 in
333 3152 404 3214 nite
436 3157 552 3232 potens
583 3153 684 3231 Deua,
714 3152 870 3231 quesibi
903 3153 1032 3215 ratione

88 3229 196 3295 visum
227 3235 298 3311 est,
320 3231 481 3308 tradidit,
505 3248 653 3312 quasque
681 3248 779 3294 nosse
810 3236 885 3294 tuto
916 3248 1032 3310 possu-

89 3326 159 3373 mus
189 3311 371 3391 perspicuis
402 3328 463 3374 nec
492 3312 562 3375 ullo
588 3311 686 3374 modo
707 3311 945 3375 addubitandis
976 3328 1034 3372 no-

90 3391 139 3452 tis.
162 3393 211 3456 Eo
233 3392 284 3452 vel
306 3390 417 3470 magis
445 3391 532 3472 quod
559 3392 654 3454 istius
674 3392 809 3470 generis
830 3392 933 3470 leges,
957 3408 1034 3470 quo·

91 3470 175 3534 niam
195 3470 287 3540 idem
307 3470 448 3544 habent,
470 3470 557 3554 quod
585 3471 638 3536 lex
659 3478 795 3551 aeterna,
818 3470 1030 3551 principium,
