2576 4180
620 231 801 293 -200—

245 335 330 406 culis
351 343 498 403 Romano
520 337 671 401 Antistiti
693 340 867 416 concessit,
890 343 928 402 ut
948 339 1051 403 libere
1072 355 1111 402 ac
1131 355 1189 400 ex-

245 421 356 502 pedite
386 422 550 500 potestate
579 417 748 481 aGhristo
783 420 916 495 collata,
950 420 993 482 ad
1023 423 1188 484 aeternam

246 503 444 583 populorum
467 500 620 577 salutem,
642 502 802 561 uteretur.
843 500 846 506 '

286 583 466 644 Funestam
487 579 574 640 hanc
594 595 819 641 aerumnarum
840 579 962 642 molem
984 579 1096 653 Vobis,
1120 577 1187 639 Ve-

246 661 408 724 nerabiles
436 661 579 737 Fratres,
602 658 946 738 commemoravimus,
970 677 1037 722 non
1058 659 1100 722 ad
1122 658 1186 719 au·
1280 713 1281 732 ,

245 741 392 822 gandam
413 739 585 802 tristitiam
607 740 769 814 Vestram,
793 755 894 818 quam
914 738 1189 802 miserrimahaec
1280 779 1281 792 ,

245 839 357 884 rerum
377 820 523 890 conditio
543 835 603 898 per
622 818 778 881 se.Vobis
798 821 943 898 ingerit3
965 819 1021 882 sed
1043 820 1121 900 quia
1135 819 1190 879 in·
1280 831 1281 858 ³

245 903 433 980 telligimus
454 918 494 962 ex
515 918 554 962 ea
575 899 675 961 Vobis
696 899 857 979 apprime,
870 903 1079 980 perspectum
1099 897 1187 975 fore,
1280 929 1281 958 1

246 987 372 1064 quanta
394 981 436 1044 sit
457 980 609 1058 gravitas
630 995 740 1042 rerum
763 996 837 1060 quae
851 980 1072 1042 ministerium
1087 983 1120 1040 et
1135 995 1190 1039 ze-

245 1064 315 1125 lum
338 1065 489 1124 nostrum
510 1062 703 1139 exposcunt,
728 1065 761 1121 et
783 1077 882 1140 quarn
915 1077 1040 1138 magno
1071 1057 1188 1121 studio

246 1143 341 1205 nobis
364 1140 624 1203 adlaborandum
645 1139 700 1220 sit,
725 1142 762 1201 ut
782 1140 964 1202 Ecclesiam
996 1137 1117 1201 Christi
1152 1143 1190 1199 et
1281 1193 1282 1200 ,

244 1223 346 1301 hujus
367 1219 564 1301 Apostolicae
584 1218 679 1280 Sedis
699 1217 909 1298 dignitatem,
933 1223 984 1282 tot
1004 1217 1187 1281 calumniis

245 1301 442 1376 lacessitam,
466 1302 501 1362 in
521 1299 583 1362 hac
603 1301 789 1378 praesertim
803 1299 979 1379 iniquitate
993 1303 1187 1378 temporum

244 1399 305 1462 pro
325 1380 454 1443 viribus
475 1378 692 1442 defendamus
712 1396 752 1441 ao
774 1379 987 1442 vindicemus.

286 1461 379 1524 Clare
399 1461 575 1523 innotescit
595 1476 635 1520 ac
655 1460 769 1539 liquet,
795 1459 1005 1524 Venerabiles
1036 1460 1186 1530 Fratres,

245 1541 352 1605 civilis
373 1540 594 1604 humanitatis
614 1540 777 1602 rationem
808 1539 923 1602 solidis
957 1538 1189 1602 fundamentis

246 1621 391 1700 destitui,
414 1620 480 1683 nisi
500 1619 632 1683 aeternis
652 1619 827 1762 principiis
847 1620 999 1682 veritatis
1015 1623 1048 1681 et
1061 1618 1188 1680 immu-

245 1702 403 1766 tabilibus
423 1701 504 1764 recti
520 1699 669 1780 Justique
689 1700 758 1778 legi
782 1718 821 1763 us
842 1700 1016 1774 innitatur,
1049 1716 1088 1760 ac
1118 1697 1190 1760 nisi

245 1783 421 1846 hominum
440 1781 630 1844 voluntates
651 1780 738 1841 inter
759 1796 793 1841 se
813 1780 943 1842 sincera
964 1779 1096 1842 dilectio
1129 1778 1190 1839 de·

246 1863 384 1941 vinciat,
406 1860 656 1939 officiorumque
678 1859 763 1921 inter
785 1877 841 1922 eos
862 1860 951 1923 vices
972 1877 1012 1922 ac
1037 1859 1189 1920 rationes
1282 1891 1283 1906 κ

246 1942 394 2006 suaviter
415 1939 613 2003 moderetur.
637 1940 796 2002 Jamvero
823 1940 937 2021 ecquis
968 1955 1092 2019 negare
1122 1955 1189 2000 au·
1282 1955 1283 1960 ¹

247 2023 324 2086 deat
344 2021 524 2082 Ecclesiam
545 2037 635 2102 esse,
652 2037 726 2100 quae
757 2018 875 2083 diffuso
906 2036 965 2100 per
996 2022 1114 2098 gentes
1141 2018 1188 2080 Ε-

247 2101 395 2178 vangelii
418 2100 592 2180 praeconi0,
615 2101 723 2163 lucem
744 2100 897 2163 veritatis
916 2100 1004 2164 inter
1029 2097 1188 2161 efferatos

246 2181 385 2263 populos
406 2184 440 2241 et
459 2180 555 2243 foedis
569 2179 859 2260 superstitionibus
871 2180 1017 2243 imbutos
1031 2177 1185 2256 adduxit,

246 2278 367 2341 eosque
387 2260 430 2323 ad
450 2259 602 2322 divinum
623 2277 735 2322 rerum
748 2263 918 2323 auctorem
932 2257 1188 2338 agnoscendum

247 2349 281 2406 et
301 2359 371 2404 sese
392 2341 615 2420 respiciendos
636 2339 812 2419 excitavit3
845 2357 919 2420 quae
939 2337 1109 2402 servitutis
1130 2355 1188 2400 ca·

245 2421 396 2485 lamitate
418 2420 561 2491 sublata,
584 2419 626 2482 ad
641 2420 813 2499 pristinam
828 2423 957 2482 naturae
971 2418 1188 2482 nobilissimae
1283 2443 1284 2468 ι

247 2502 446 2582 dignitatem
466 2501 618 2563 homines
640 2499 827 2578 revocavit3
865 2516 939 2581 quae
969 2501 1004 2562 in
1028 2498 1188 2562 omuibus

246 2588 343 2646 terrae
364 2581 475 2664 plagis
496 2578 733 2660 redemptionis
754 2580 852 2659 signo
875 2579 1049 2659 explicato,
1075 2578 1187 2640 scien·

246 2665 301 2727 tiis
322 2667 355 2726 et
375 2661 503 2725 artibus
523 2659 675 2723 adductis
706 2663 765 2722 aut
795 2677 855 2722 suo
887 2660 981 2722 tectis
1016 2657 1185 2740 prasidio,

247 2742 379 2825 optimis
400 2741 550 2804 caritatis
580 2740 756 2815 institutis,
789 2739 880 2882 (dms
910 2739 1018 2803 omnis
1049 2738 1188 2816 generis

246 2822 404 2886 aerumnis
424 2822 614 2884 consultum
643 2823 704 2897 est,
736 2819 796 2882 iun
820 2820 885 2882 atis
915 2824 948 2882 et
977 2819 1013 2882 in
1041 2818 1187 2882 tutelam

245 2903 399 2982 receptis,
423 2900 546 2980 ubique
566 2899 738 2962 hominum
760 2917 870 2978 genus
891 2900 1048 2980 privatim
1070 2900 1103 2961 et
1123 2916 1189 2978 pu-

246 2981 332 3045 blice
354 2979 512 3059 excoluit,
534 2998 556 3042 a
576 2980 728 3060 squalore
759 2979 941 3042 vindicavit
972 2983 1005 3041 et
1036 2977 1078 3041 ad
1104 2979 1188 3040 vitae

245 3062 386 3124 formam
407 3059 563 3123 humanae
584 3059 742 3137 dignitati
763 3077 802 3121 ao
822 3061 893 3140 spei
913 3065 1186 3137 consentaneam,

191 3172 196 3184 ·
247 3142 336 3205 omni
358 3139 468 3203 studio
489 3139 703 3220 composuit?
725 3138 858 3215 Quodsi
874 3140 1050 3221 quissanae
1064 3139 1187 3200 mentis

245 3221 332 3285 hanc
353 3220 460 3301 ipsam
481 3236 548 3300 qua
568 3220 713 3283 vivimus
730 3223 874 3296 atatem,
897 3218 1061 3299 Religioni
1076 3222 1109 3280 et
1124 3218 1187 3280 Ec-

245 3301 355 3365 olesiae
376 3299 496 3363 Christi
518 3300 787 3374 infensissimam,
824 3317 900 3362 cum
920 3301 960 3362 iis
981 3296 1186 3377 temporibus

248 3381 521 3462 auspicatissimis
541 3381 702 3458 conferat,
726 3379 845 3461 quibus
870 3379 1019 3443 Ecclesia
1040 3376 1091 3441 uti
1112 3395 1184 3439 ma-

245 3466 297 3525 ter
318 3480 338 3524 a
358 3460 516 3541 gentibus
537 3461 716 3540 colebatur,
740 3460 876 3524 omnino
898 3459 1078 3540 comperiet
1101 3461 1184 3520 aeta-
