2554 4182
501 263 679 326 -349-

118 373 205 434 xime
227 389 268 434 ex
290 371 473 451 opificibus,
486 373 587 448 longe
608 389 697 434 nnnc
720 373 834 453 major,
852 391 952 454 quam
975 374 1056 436 alias

119 452 317 534 frequentia.
343 452 457 514 Plures
487 452 574 516 uude
606 457 714 515 ortum
741 455 876 531 ducant,
900 455 979 535 quid
1000 472 1056 516 ve-

118 533 193 611 lint,
216 551 282 614 qua
302 537 497 611 grassentur
519 535 582 608 via,
607 551 674 595 non
695 541 745 596 est
766 532 867 613 hujus
887 535 951 596 loci
967 552 1056 615 quae·

119 631 203 676 rere.
227 614 342 694 Opinio
363 617 473 675 tamen
496 616 567 686 001,
591 614 705 676 11101110
726 614 922 676 confirmata
942 615 1054 690 rebus,

119 711 258 774 praeesse
273 691 505 775 utplurimum
520 694 715 757 occultiores
730 698 894 773 00010100,
910 695 1057 758 eosdem-

120 791 184 856 que
206 774 411 854 disciplinam
434 773 589 837 adhibere
621 792 688 836 non
715 775 895 838 christiano
917 775 1054 855 nomini,

120 873 186 917 nou
209 855 311 918 saluti
332 854 508 916 civitatum
530 859 808 918 consentaneam:
831 861 1058 936 occupataque

120 935 367 998 efficiendorum
399 952 535 1015 operum
566 935 795 1014 universitate,
824 936 856 996 id
887 953 989 1015 agere
1019 941 1059 999 ut

121 1017 176 1096 qui
197 1034 308 1078 secum
330 1015 511 1078 consociari
544 1017 748 1092 recusarint,
774 1017 865 1079 luere
887 1033 1002 1095 poenas
1024 1035 1058 1079 e·
1123 1087 1131 1101 ,

121 1099 251 1176 gestate
265 1101 441 1174 cogantur.
459 1131 496 1140 -
518 1097 588 1158 Hoc
609 1114 719 1159 rerum
742 1100 845 1174 statu,
860 1097 1058 1160 alterutrum

121 1177 240 1239 malint
260 1175 404 1238 artifices
425 1175 597 1240 christiani
618 1183 756 1257 oportet,
773 1182 832 1240 aut
852 1195 971 1239 nomen
993 1178 1059 1240 001-

122 1256 221 1334 legiis
242 1257 330 1334 dare,
354 1256 441 1318 unde
464 1257 649 1336 periculum
670 1258 824 1336 religioni
845 1259 1059 1321 extimescen-

121 1337 213 1400 dum:
235 1344 295 1400 aut
316 1355 376 1400 sua
397 1338 484 1399 inter
504 1355 539 1400 se
560 1337 716 1401 sodalitia
737 1338 888 1416 condere,
905 1340 1058 1419 viresque

123 1417 186 1480 hoo
207 1422 304 1498 pacto
325 1416 539 1498 conjungere,
563 1437 627 1498 quo
648 1435 683 1481 se
704 1421 851 1482 animose
872 1425 997 1500 queant
1017 1420 1058 1482 ab

121 1499 180 1561 1110
202 1498 328 1578 injusta
348 1516 387 1560 ac
409 1515 475 1561 non
497 1498 632 1561 ferenda
653 1500 864 1578 oppressione
885 1500 1057 1563 redimere.

120 1578 262 1641 Omnino
285 1579 392 1657 optari
424 1579 486 1641 hcc
516 1580 659 1642 aiterum
692 1597 822 1641 necesse
854 1589 935 1659 esse,
960 1597 1059 1660 quam

121 1662 230 1739 potest
254 1658 492 1721 dubitationem
517 1659 604 1738 apud
626 1677 681 1722 eos
707 1659 839 1738 habere,
865 1661 920 1740 qui
951 1659 1060 1722 nolint

121 1756 288 1801 summum
310 1738 453 1801 hominis
475 1739 598 1802 bonum
630 1741 665 1802 in
698 1741 987 1818 praesentissimum
1009 1739 1058 1802 di-

122 1821 266 1882 scrimen
287 1819 478 1900 conjicere?

162 1901 266 1962 Valde
298 1900 431 1981 quidem
463 1899 619 1962 laudandi
650 1902 836 1980 complures
863 1900 1056 1979 0011001110,

121 1980 179 2061 qui
201 1981 492 2060 probeperspectc
514 1980 595 2061 quid
615 1999 683 2043 ase
704 1987 856 2061 tempora
876 1981 1057 2060 postulent,

121 2061 339 2141 experiuntur
360 2079 399 2122 00
419 2063 551 2123 tentant
572 2078 637 2141 qua
658 2063 787 2124 ratione
808 2061 1002 2142 proletarios
1018 2061 1060 2123 ad

121 2142 260 2203 meliora
287 2141 450 2203 adducere
481 2141 626 2204 honestis
656 2143 783 2204 artibus
814 2141 951 2220 possint.
976 2140 1060 2216 Quo·

120 2239 197 2284 rum
220 2221 409 2364 (patrocinio
441 2227 614 2300 susceptu,
648 2223 902 2302 prosperitatem
934 2238 1060 2300 augere

119 2319 199 2365 cum
243 2301 432 2364 omesticam
463 2308 535 2364 tum
567 2302 778 2380 singulorum
792 2303 954 2366 student:
978 2303 1060 2365 item

118 2382 284 2446 moderari
306 2400 381 2444 cum
404 2383 560 2463 aequitate
582 2383 738 2458 vincula,
761 2383 883 2463 quibus
914 2383 1058 2445 invicem

120 2463 264 2526 artifices
285 2466 319 2524 et
340 2462 466 2525 domini
494 2464 725 2526 continentur:
759 2465 851 2540 alere
877 2468 910 2524 et
941 2463 1059 2525 confir·

120 2561 214 2606 mare
235 2544 269 2604 in
291 2543 440 2624 utrisque
462 2543 656 2606 memoriam
677 2542 776 2606 officii
796 2547 898 2623 atque
913 2559 1059 2621 evange-

119 2625 263 2688 licorum
274 2625 458 2687 custodiam
469 2630 726 2705 praceptorum
743 2641 816 2704 quae
830 2622 963 2704 quidem
979 2639 1061 2702 prae-

119 2709 229 2784 cepta,
252 2704 420 2774 hominem
443 2705 485 2766 ab
506 2704 760 2783 intemperantia
782 2703 979 2781 revocando,
1001 2721 1059 2766 ex·

120 2787 236 2848 cedere
264 2784 399 2847 modum
422 2791 547 2864 vetant,
570 2802 853 2866 personarumque
885 2787 918 2845 et
949 2801 1059 2846 rerum

120 2865 341 2928 dissimillimo
362 2864 681 2928 statu'harmoniam
703 2865 885 2928 incivitate
906 2867 1056 2927 tuentur.

120 2947 192 3008 Hac
225 2945 265 3007 de
295 2963 413 3008 caussa
446 2963 549 3008 unum
580 2946 747 3008 inlocum
775 2963 862 3025 saepe
884 2945 1060 3008 convenire

121 3027 275 3090 videmus
298 3025 384 3088 viros
399 3027 566 3106 egregios,
584 3043 649 3106 quo
663 3026 908 3089 communicent
922 3026 1061 3089 consilia

121 3109 275 3180 invicem,
294 3106 447 3187 viresque
465 3107 625 3186 jungant,
642 3113 676 3169 et
698 3108 778 3186 quid
799 3108 942 3168 maxime
963 3124 1061 3186 expe-

122 3187 191 3250 dire
215 3187 379 3262 videatur,
403 3188 602 3250 consultent.
627 3187 692 3250 Alii
715 3189 846 3249 varium
876 3203 987 3265 genus
1007 3205 1060 3248 ar-

121 3268 250 3330 tificum
272 3272 458 3348 opportuna
479 3269 634 3346 copulare
649 3268 806 3330 societate
821 3266 969 3346 01011001
985 3284 1062 3329 con-

119 3349 194 3412 silio
216 3365 311 3410 acre
328 3347 462 3428 juvant,
477 3365 561 3428 opus
581 3365 622 3410 ne
637 3347 721 3409 desit
742 3348 917 3412 honestum
939 3346 1060 3409 00110-

121 3433 287 3505 ctuosum‚
304 3428 490 3509 provident.
509 3429 724 3491 Alacritatem
746 3427 874 3490 addunt
894 3443 932 3488 ac
953 3433 1062 3507 patro-

122 3509 247 3572 cinium
268 3509 463 3590 impertiunt
485 3509 659 3589 Episcopi:
692 3525 832 3589 quorum
863 3508 1062 3570 auctoritate
