2554 4182
639 251 822 312 -332—

260 376 325 441 que
346 359 381 421 in
402 358 516 429 labore
538 357 666 420 sintae
686 357 782 419 luctu
803 355 832 418 ¹:
856 356 1004 418 infirmos
1025 362 1057 419 et
1076 354 1212 436 injuria
1263 359 1264 442 l

260 443 400 502 vexatos
419 438 650 520 complectitur
680 437 820 500 caritate
851 436 1030 517 praecipua.
1054 439 1211 513 Quarum

260 520 455 599 cognitione
475 536 586 582 rerum
607 517 705 581 facile
735 515 973 580 infortunatis
1004 517 1211 597 deprimitur
1264 540 1265 588 r

259 605 391 665 tumens
412 600 553 679 animus,
570 600 604 680 ip
626 597 821 661 aerumnosis
836 597 1000 661 demissus
1014 598 1206 661 extollitur:
1264 595 1265 644 t

259 683 355 744 alteri
376 681 419 743 ad
439 680 646 758 facilitatem,
663 678 759 740 alteri
780 678 823 740 ad
843 677 1039 743 modestiam
1060 678 1208 742 flectun-
1264 681 1265 776 l

260 767 326 826 tur.
356 761 408 823 Sic
438 761 588 841 cupitum
618 759 780 840 superbire
810 759 1026 822 intervallum
1057 758 1207 822 efficitur
1264 779 1265 830 ff

258 841 403 918 brevius,
420 858 481 904 nec
502 839 679 903 difficulter
699 838 933 919 impetrabitur
954 845 992 902 ut
1013 839 1142 902 ordinis
1164 859 1205 900 u-

259 922 422 1002 triusque,
434 921 563 1001 J'unctis
584 920 689 983 amice
710 920 847 1000 dextris,
862 921 1061 1000 copulentur
1081 921 1204 983 volun·
1265 926 1266 1016 l

261 1006 360 1066 tates.
561 1061 573 1079 ,
1265 1019 1266 1066 t

299 1083 386 1159 Quos
411 1084 535 1157 tamen,
558 1080 586 1142 si
607 1080 797 1143 christianis
817 1079 991 1160 praeceptis
1012 1081 1200 1160 paruerint,
1265 1081 1266 1118 Τ

259 1179 378 1243 parum
392 1168 443 1225 est
463 1161 621 1241 amicitia,
638 1178 731 1225 amor
751 1162 851 1224 etlam
872 1159 1041 1223 fraternus
1061 1160 1149 1224 inter
1164 1179 1202 1223 se

259 1240 470 1322 conjugabit.
493 1243 645 1305 Sentient
675 1242 766 1304 enim
795 1244 829 1304 et
858 1241 1061 1320 intelligent,
1085 1258 1203 1304 omnes

258 1324 356 1410 plane
378 1321 529 1385 homines
550 1339 571 1384 a
592 1323 760 1385 communi
784 1324 922 1402 parente
950 1319 1016 1385 Deo
1043 1339 1199 1404 procrea·
1266 1312 1267 1402 l

258 1407 330 1465 tos:
354 1418 469 1465 omnes
489 1403 532 1465 ad
553 1401 706 1466 eumdem
727 1401 827 1465 finem
858 1401 1020 1464 bonorum
1048 1403 1198 1480 tendere,
1266 1405 1267 1435 ³

258 1483 313 1564 qui
337 1482 423 1546 Deus
444 1486 494 1544 eat
514 1483 597 1564 ipse,
612 1485 672 1563 qui
690 1482 820 1546 afficere
834 1481 1039 1545 beatitudine
1052 1483 1202 1563 perlecta

258 1568 359 1643 atque
379 1562 534 1626 absoluta
554 1566 587 1625 et
603 1562 754 1626 homines
775 1568 808 1625 et
821 1563 960 1640 angelos
974 1581 1062 1626 uuus
1076 1567 1196 1645 potest:

258 1643 411 1724 singulos
442 1647 523 1707 item
552 1643 678 1724 pariter
699 1661 768 1706 csse
789 1645 870 1706 Jesu
891 1642 1010 1705 Christi
1040 1644 1199 1708 beneficio
1267 1698 1268 1725 ,

257 1723 446 1802 redemptos
468 1727 501 1785 et
525 1722 562 1785 in
583 1722 784 1802 dignitatem
805 1723 950 1786 filiorum
970 1723 1029 1786 Dei
1050 1724 1201 1788 vindica·
1267 1733 1268 1792 l

256 1807 322 1883 tos,
344 1811 382 1865 ut
403 1804 502 1885 plane
522 1803 768 1867 necessitudine
789 1803 938 1866 fraterna
957 1821 1032 1867 cum
1054 1807 1141 1868 iuter
1162 1823 1199 1869 se
1267 1801 1268 1842 Ψ

256 1887 329 1946 tum
350 1884 449 1946 etiam
471 1901 548 1946 eum
569 1884 700 1946 Christo
721 1884 881 1961 Domino,
900 1887 1136 1964 primopenito
1157 1891 1197 1948 in

255 1966 377 2028 multia
391 1965 576 2040 fraleitan,
589 1965 835 2028 contineantur.
853 1965 939 2027 Item
952 1969 1082 2029 naturae
1096 1966 1194 2037 bona,

256 2061 397 2108 munera
417 2045 537 2122 gratia
558 2043 680 2108 divinae
710 2045 877 2126 pertinere
908 2047 1132 2109 communiter
1163 2055 1197 2109 et

254 2124 441 2205 promiscue
472 2125 514 2187 ad
546 2141 656 2204 genus
687 2126 860 2190 hominum
891 2130 1108 2206 universum,
1132 2143 1196 2190 uec

254 2220 474 2346 guemquam
496 2205 561 2268 nisi
592 2206 794 2285 indignum,
816 2206 980 2270 bonorum
1011 2207 1195 2271 caelestium
1268 2245 1269 2248 =

278 2284 327 2347 eri
347 2284 552 2348 exheredem.
578 2290 616 2349 Si
645 2289 762 2350 autem
783 2289 873 2365 pter,
896 2289 929 2351 et
951 2291 1115 2352 heredes:
1137 2292 1196 2351 he·

253 2368 508 2440 retorquerem
531 2371 606 2446 Dei,
628 2371 810 2430 coheredes
832 2369 949 2431 autem
975 2371 1106 2432 Christe·
1126 2370 1151 2432 ².

294 2445 381 2508 Talis
404 2448 463 2509 est
492 2446 599 2510 forma
630 2446 814 2511 officiorum
844 2465 884 2510 ac
911 2447 1060 2527 jnrium,
1091 2466 1193 2530 quam

252 2524 435 2590 christiana
449 2526 660 2608 philosophia
673 2528 858 2608 profitetur.
871 2528 988 2591 Nonne
1003 2530 1194 2609 quieturum

253 2607 406 2686 perbrevi
424 2611 571 2689 tempore
584 2611 752 2671 certamen
772 2625 870 2672 omne
885 2607 1049 2684 videatur,
1066 2610 1123 2673 ubi
1137 2610 1195 2674 illa

254 2687 290 2748 in
311 2686 402 2749 civili
423 2688 579 2753 convictu
601 2687 751 2752 valeret?

294 2768 444 2849 Denique
474 2786 534 2832 nac
563 2769 644 2832 satis
674 2769 774 2832 habet
803 2767 952 2835 Ecclesia
982 2769 1072 2832 viam
1102 2770 1196 2833 inve-

253 2846 383 2912 niendae
419 2848 602 2912 curationis
635 2849 821 2929 ostendere,
852 2849 908 2912 sed
944 2849 1100 2914 admovet
1131 2867 1195 2914 sua

253 2942 356 2989 manu
384 2928 591 2993 medicinam.
616 2930 702 2993 Nam
732 2932 806 2993 tota
835 2929 870 2992 in
892 2946 930 2992 eo
952 2935 1002 2993 est
1024 2929 1126 2992 atad
1148 2931 1196 2994 dl·

254 3005 427 3099 sciplinam
461 3009 714 3092 doctrinamque
748 3028 843 3073 suam
876 3011 1009 3074 excolat
1042 3010 1196 3075 homines

253 3089 354 3165 atque
374 3089 550 3153 instituat:
583 3090 679 3171 quus
710 3090 868 3154 doctrlnae
892 3091 1132 3155 saluberrimos
1152 3093 1197 3154 ri-

244 3182 323 3242 uos,
347 3166 585 3249 Episcoporum
606 3175 641 3233 et
660 3170 744 3233 Cleri
766 3173 879 3252 opera,
902 3187 1003 3252 quam
1028 3173 1195 3236 latissime

251 3249 372 3326 potest,
395 3255 492 3311 curat
512 3249 733 3315 deducendos.
754 3250 878 3314 Deinde
899 3252 1081 3331 pervadere
1101 3253 1136 3316 in
1158 3272 1196 3316 a·

283 3377 292 3411 ¹
308 3377 415 3452 Matth.
432 3396 472 3454 ξι,
489 3382 534 3432 28:
551 3381 658 3435 Venite
676 3384 712 3435 ad
728 3397 774 3434 ma
792 3399 910 3448 omnes,
926 3383 977 3449 qui
993 3384 1136 3438 laboretis
1162 3393 1195 3438 et

253 3449 367 3493 onerati
384 3449 464 3506 ostra,
480 3449 510 3494 at
528 3459 582 3509 ego
598 3446 726 3498 reficiam
744 3462 804 3499 vos.

283 3502 295 3537 ²
310 3503 392 3557 Rom.
409 3521 470 3570 v111,
487 3507 525 3558 17.
783 3515 790 3530 “
