2554 4182
478 195 659 260 -305-

93 305 254 384 efficiens,
271 324 311 368 ne
332 308 391 367 aut
412 304 525 368 timide
540 304 693 385 desperet
706 308 840 385 propter
854 305 1040 385 ignaviam,
1065 316 1068 324 '

95 391 153 448 ant
184 385 285 448 nimis
318 385 464 448 confidat
493 390 627 465 propter
658 387 891 449 temeritatem.
923 421 962 432 -
984 388 1042 450 Est

95 470 210 529 autem
232 465 321 546 quod
342 465 474 528 differat
494 467 581 526 inter
606 465 819 546 prudentiam
850 467 1040 546 politicam,

18 563 21 614 ῑ
97 562 171 626 quae
193 546 237 609 ad
258 547 384 610 bonum
405 562 593 624 commune,
609 549 644 607 et
665 562 737 607 eam
760 562 834 626 quae
854 547 897 610 ad
917 547 1042 611 bonum

18 657 20 717 p
94 625 259 707 cujusque
279 626 438 706 privatim
459 627 613 706 pertinet.
630 626 710 687 Haec
730 627 821 688 enim
842 629 989 689 cernitur
1006 629 1042 690 in

18 721 20 770 t
94 706 286 770 hominibus
308 708 469 787 privatis,
492 706 548 787 qui
569 706 708 768 oonsilio
732 711 897 788 rectaeque
923 709 1050 771 rationi

18 809 21 870 ς
95 787 257 850 obediunt
278 787 312 848 in
334 786 577 864 gubernatione
598 788 671 848 sui:
688 787 746 848 illa
765 805 846 850 *vero
866 789 902 850 in
915 806 1043 869 praepo-

19 881 20 886 ’
95 866 180 948 sitis,
204 868 414 946 maximeque
435 867 470 929 in
491 867 708 948 principibus,
731 884 874 946 quorum
895 869 1043 932 muneris

95 951 144 1009 est
166 966 244 1010 oum
265 950 430 1026 potestate
444 964 604 1026 praeesse:
627 946 675 1009 ita
697 947 828 1028 quidem
849 952 888 1010 ut
907 949 1042 1029 politica

95 1027 304 1106 privatorum
324 1027 499 1106 prudentia
520 1029 555 1088 in
576 1026 639 1089 hoc
659 1027 814 1090 videatur
841 1031 912 1091 tota
932 1030 1040 1093 consi·

94 1110 194 1188 stare,
216 1107 376 1187 legitima
396 1107 571 1187 potestatis
589 1107 685 1187 jussa
708 1107 851 1171 fideliter
878 1110 995 1189 exequi
1017 1111 1039 1172 ¹.

95 1188 175 1250 Haec
198 1187 369 1266 dispositio
391 1192 491 1268 atque
513 1187 565 1250 hic
587 1186 667 1250 ordo
688 1191 783 1250 tanto
805 1189 916 1267 magis
932 1191 1043 1252 valere

96 1268 130 1330 iu
163 1267 345 1331 christiana
379 1268 548 1348 republica
575 1266 693 1345 debet,
717 1273 843 1347 quanto
873 1269 1044 1333 Pontifiois

17 1363 18 1366 ’
96 1349 232 1426 politica
264 1349 441 1428 prudentia
466 1349 565 1428 plura
589 1349 838 1429 complectitur:
861 1349 933 1428 ejus
954 1350 1044 1412 enirn

96 1431 148 1490 est
168 1446 237 1491 non
257 1430 367 1491 solum
380 1445 497 1506 regere
512 1429 703 1506 Ecclesiam,
720 1428 777 1490 sed
792 1431 978 1506 generatim
999 1431 1045 1493 ci-

17 1549 18 1552 ,
97 1509 190 1570 vium
211 1507 472 1572 christianorum
493 1509 640 1571 actiones
660 1509 710 1570 ita
730 1508 894 1586 ordinare,
912 1517 949 1570 ut
970 1527 1047 1572 cum

97 1604 153 1666 spe
167 1587 388 1669 adipiscendae
403 1589 521 1652 salutis
535 1590 669 1652 aeternae
685 1591 761 1667 apte
776 1593 978 1666 congruant.
997 1592 1047 1651 Ex

98 1685 163 1748 quo
184 1674 343 1748 apparet,
360 1673 481 1749 praeter
504 1686 670 1732 summam
699 1669 944 1730 sententiarum
972 1687 1048 1732 con-

99 1748 245 1811 cordiam
266 1753 300 1812 et
320 1749 498 1828 factorum,
514 1766 648 1812 necesse
670 1766 740 1810 esse
762 1749 932 1827 politicam
953 1752 1046 1829 pote-

99 1829 197 1891 statis
211 1830 444 1892 ecclesiasticae
456 1830 635 1892 observare
646 1829 681 1890 in
694 1828 825 1906 agendo
836 1830 1045 1908 sapientiam.

100 1909 256 1972 Jamvero
278 1909 466 1972 christianae
487 1909 536 1972 rei
563 1908 810 1972 administratio
836 1911 985 1990 proxime
1014 1911 1048 1972 et

18 2009 19 2022 ¹
101 1989 284 2052 secundum
305 1988 500 2052 Pontificem
520 2006 697 2052 romanum
718 1989 760 2051 ad
781 1991 962 2070 Episcopos
975 2006 1047 2069 per-

17 2137 18 2144 ,
102 2069 201 2132 tinet:
217 2071 273 2150 qui
286 2070 422 2146 scilicet,
441 2087 644 2150 quamquam
659 2069 858 2148 pontificalis
872 2070 1046 2149 fastigium

102 2151 273 2226 potestatis
294 2167 362 2212 non
384 2149 581 2228 attingunt,
605 2158 683 2212 sunt
703 2157 817 2212 tamen
837 2151 872 2211 in
895 2151 1048 2213 ecclesia-

102 2229 184 2292 stica
214 2231 399 2293 hierarchia
430 2232 500 2292 veri
531 2230 717 2309 principes,
751 2247 894 2311 cumque
926 2231 1045 2309 singu·

103 2309 149 2372 las
163 2311 329 2374 Ecclesiae
343 2309 471 2387 singuli
485 2309 731 2390 administrent,
744 2316 823 2373 sunt
837 2317 939 2384 quasi
951 2317 1048 2388 prta·

130 2494 170 2527 ¹¹
188 2495 353 2545 Prudentia
370 2494 403 2544 in
420 2493 536 2545 ratione
554 2499 616 2545 est:
633 2509 736 2558 regere
762 2499 860 2545 autem
887 2498 917 2544 et
942 2495 1047 2557 guber·

102 2571 170 2608 nara
187 2558 306 2620 proprie
323 2557 450 2608 rationis
468 2563 524 2620 est,
537 2563 567 2607 et
578 2557 644 2607 ideo
656 2557 857 2620 unusquisque
871 2557 1047 2620 inquantum

103 2619 263 2693 participat
280 2621 314 2670 de
332 2619 478 2684 regimine
496 2627 526 2670 et
543 2621 766 2682 gubernatione,
783 2620 934 2669 intantum
946 2634 1048 2672 conve·

103 2681 147 2732 nit
163 2683 221 2732 sibi
238 2683 346 2734 habere
363 2683 512 2733 rationem
531 2689 561 2732 et
578 2683 773 2746 prudentiam.
789 2682 980 2732 Manifestum
1002 2688 1048 2732 est

104 2751 200 2796 autem
218 2745 297 2808 quod
314 2745 433 2806 subditi,
450 2745 628 2808 inquantum
640 2752 686 2795 est
697 2745 839 2807 subditus,
857 2749 887 2794 et
904 2745 994 2808 servi,
1005 2746 1048 2794 in-

104 2814 247 2870 quantum
272 2813 316 2858 est
342 2823 452 2870 servus,
472 2823 532 2857 non
554 2815 600 2858 est
620 2823 722 2872 regere
739 2812 770 2858 et
794 2808 974 2870 gubernare,
998 2807 1049 2858 sed

104 2871 196 2934 magis
213 2870 278 2934 regi
295 2875 326 2920 et
344 2871 514 2935 gubernari.
531 2869 570 2920 Et
586 2871 651 2920 ideo
677 2870 835 2933 prudentia
851 2887 911 2921 non
928 2877 973 2921 est
991 2870 1049 2921 vir·

104 2939 151 2984 tus
168 2933 255 2995 servi,
266 2933 445 2997 inquantum
466 2937 511 2984 est
533 2949 645 2996 servae,
661 2948 715 2982 nec
737 2933 855 2996 subditi,
874 2934 1050 2996 inquantum

107 3001 154 3046 est'
172 2997 318 3048 subditus.
339 2997 395 3047 Sed
414 2995 483 3061 quia
502 2996 629 3060 quilibet
646 2996 735 3068 homo⁴
752 2996 927 3059 inquantum
946 3002 991 3046 est
1006 3011 1050 3045 ra-

17 3084 19 3122 g
105 3058 239 3123 tionalis,
256 3059 418 3132 participat
436 3059 548 3122 aliquid
573 3059 608 3108 de
633 3059 776 3120 regimine
799 3060 959 3110 seeundum
976 3058 1050 3108 arbi·

105 3120 193 3171 trium
209 3127 345 3186 reticula,
365 3123 517 3172 intantum
535 3121 674 3171 convenit
691 3121 718 3170 ei
735 3122 922 3184 prudentiam
934 3122 1049 3171 habere.

106 3182 185 3234 Unde
203 3184 393 3236 manifestum
411 3192 456 3234 est
475 3184 553 3247 quod
571 3183 728 3248 prudentia
746 3184 862 3247 quidem
874 3185 905 3234 in
918 3183 1013 3246 princi
1035 3198 1050 3232 e

107 3249 149 3294 eet
165 3247 202 3296 ad
219 3247 337 3298 modum
360 3248 433 3298 artis
459 3245 709 3305 architectonicae,
729 3254 764 3296 ut
781 3247 891 3297 dicitur
907 3246 938 3295 in
956 3245 998 3296 VI
1041 3272 1050 3282 ·

107 3307 254 3371 eticorum,
274 3310 305 3360 in
326 3309 453 3360 subditis
474 3314 573 3360 autem
593 3309 629 3359 ad
651 3308 768 3359 modum
787 3310 859 3360 artis
876 3323 965 3360 manu
985 3323 1050 3371 ope·

107 3371 208 3424 rantis.
228 3412 239 3433 ,
257 3371 282 3423 S.
306 3373 407 3423 Thom.
423 3373 439 3420 2
455 3375 477 3436 2,
496 3377 597 3436 quaest.
614 3373 652 3434 47,
670 3376 723 3422 art.
741 3373 780 3423 12.

167 3452 258 3518 Epist.
276 3453 391 3518 Eacycl.
407 3451 506 3502 Leonis
524 3452 577 3503 ΡΡ.
596 3451 676 3501 XIII
955 3449 987 3498 20
