<?xml version="1.0" encoding="UTF-8"?>
<!DOCTYPE html PUBLIC "-//W3C//DTD XHTML 1.0 Transitional//EN"
    "http://www.w3.org/TR/xhtml1/DTD/xhtml1-transitional.dtd">
<html xmlns="http://www.w3.org/1999/xhtml" xml:lang="en" lang="en">
 <head>
  <title>
</title>
<meta http-equiv="Content-Type" content="text/html;charset=utf-8" />
  <meta name='ocr-system' content='tesseract 3.04.00' />
  <meta name='ocr-capabilities' content='ocr_page ocr_carea ocr_par ocr_line ocrx_word'/>
</head>
<body>
  <div class='ocr_page' id='page_1' title='image "./epistolaeencycl00xiiigoog_0334.png"; bbox 0 0 2554 4182; ppageno 0'>
   <div class='ocr_carea' id='block_1_1' title="bbox 509 231 691 294">
    <p class='ocr_par' dir='ltr' id='par_1_1' title="bbox 509 231 691 294">
     <span class='ocr_line' id='line_1_1' title="bbox 509 231 691 294; baseline -0.022 1"><span class='ocrx_word' id='word_1_1' title='bbox 509 231 691 294; x_wconf 81' lang='lat'><strong>-327-</strong></span> 
     </span>
    </p>
   </div>
   <div class='ocr_carea' id='block_1_2' title="bbox 125 338 1078 3556">
    <p class='ocr_par' dir='ltr' id='par_1_2' title="bbox 125 338 1071 580">
     <span class='ocr_line' id='line_1_2' title="bbox 125 338 1071 417; baseline -0.002 -13"><span class='ocrx_word' id='word_1_2' title='bbox 125 357 223 404; x_wconf 87' lang='lat' dir='ltr'>mum</span> <span class='ocrx_word' id='word_1_3' title='bbox 244 338 336 401; x_wconf 89' lang='lat' dir='ltr'>factu</span> <span class='ocrx_word' id='word_1_4' title='bbox 356 356 407 401; x_wconf 80' lang='lat' dir='ltr'>res</span> <span class='ocrx_word' id='word_1_5' title='bbox 428 338 604 412; x_wconf 74' lang='lat' dir='ltr'>humanas</span> <span class='ocrx_word' id='word_1_6' title='bbox 629 345 666 402; x_wconf 93' lang='lat' dir='ltr'>ut</span> <span class='ocrx_word' id='word_1_7' title='bbox 697 355 731 402; x_wconf 87' lang='lat' dir='ltr'>se</span> <span class='ocrx_word' id='word_1_8' title='bbox 764 339 897 417; x_wconf 89' lang='lat' dir='ltr'>habent,</span> <span class='ocrx_word' id='word_1_9' title='bbox 921 339 968 400; x_wconf 86' lang='lat' dir='ltr'>ita</span> <span class='ocrx_word' id='word_1_10' title='bbox 992 356 1071 402; x_wconf 92' lang='lat' dir='ltr'>con·</span> 
     </span>
     <span class='ocr_line' id='line_1_3' title="bbox 127 418 1070 500; baseline -0.001 -17"><span class='ocrx_word' id='word_1_11' title='bbox 127 419 226 498; x_wconf 88' lang='lat' dir='ltr'>tueri,</span> <span class='ocrx_word' id='word_1_12' title='bbox 243 419 409 498; x_wconf 90' lang='lat' dir='ltr'>simulque</span> <span class='ocrx_word' id='word_1_13' title='bbox 430 422 653 500; x_wconf 85' lang='lat' dir='ltr'>opportunum</span> <span class='ocrx_word' id='word_1_14' title='bbox 674 418 892 482; x_wconf 81' lang='lat' dir='ltr'><strong>incommodis</strong></span> <span class='ocrx_word' id='word_1_15' title='bbox 905 419 1070 482; x_wconf 89' lang='lat' dir='ltr'>levamen·</span> 
     </span>
     <span class='ocr_line' id='line_1_4' title="bbox 127 499 767 580; baseline 0.002 -18"><span class='ocrx_word' id='word_1_16' title='bbox 127 503 215 577; x_wconf 91' lang='lat' dir='ltr'>tum,</span> <span class='ocrx_word' id='word_1_17' title='bbox 239 501 289 562; x_wconf 95' lang='lat' dir='ltr'>uti</span> <span class='ocrx_word' id='word_1_18' title='bbox 312 499 468 578; x_wconf 80' lang='lat' dir='ltr'>diximus,</span> <span class='ocrx_word' id='word_1_19' title='bbox 482 499 626 563; x_wconf 85' lang='lat' dir='ltr'>aliunde</span> <span class='ocrx_word' id='word_1_20' title='bbox 647 505 767 580; x_wconf 88' lang='lat' dir='ltr'>petere.</span> 
     </span>
    </p>

    <p class='ocr_par' dir='ltr' id='par_1_3' title="bbox 125 579 1078 3556">
     <span class='ocr_line' id='line_1_5' title="bbox 171 579 1071 661; baseline 0.001 -20"><span class='ocrx_word' id='word_1_21' title='bbox 171 581 231 642; x_wconf 89' lang='lat' dir='ltr'>Est</span> <span class='ocrx_word' id='word_1_22' title='bbox 262 580 347 642; x_wconf 91' lang='lat' dir='ltr'>illud</span> <span class='ocrx_word' id='word_1_23' title='bbox 377 581 412 642; x_wconf 92' lang='lat' dir='ltr'>in</span> <span class='ocrx_word' id='word_1_24' title='bbox 441 598 570 656; x_wconf 79' lang='lat' dir='ltr'>caussa,</span> <span class='ocrx_word' id='word_1_25' title='bbox 594 579 634 642; x_wconf 95' lang='lat' dir='ltr'>de</span> <span class='ocrx_word' id='word_1_26' title='bbox 655 597 722 660; x_wconf 87' lang='lat' dir='ltr'>qua</span> <span class='ocrx_word' id='word_1_27' title='bbox 752 579 905 659; x_wconf 90' lang='lat' dir='ltr'>dicimus,</span> <span class='ocrx_word' id='word_1_28' title='bbox 929 579 1071 661; x_wconf 88' lang='lat' dir='ltr'>capitale</span> 
     </span>
     <span class='ocr_line' id='line_1_6' title="bbox 127 659 1072 742; baseline -0.002 -18"><span class='ocrx_word' id='word_1_29' title='bbox 127 661 278 736; x_wconf 87' lang='lat' dir='ltr'>malum,</span> <span class='ocrx_word' id='word_1_30' title='bbox 306 660 459 742; x_wconf 88' lang='lat' dir='ltr'>opinione</span> <span class='ocrx_word' id='word_1_31' title='bbox 492 659 620 739; x_wconf 87' lang='lat' dir='ltr'>fingere</span> <span class='ocrx_word' id='word_1_32' title='bbox 650 661 791 723; x_wconf 88' lang='lat' dir='ltr'>alterum</span> <span class='ocrx_word' id='word_1_33' title='bbox 823 659 976 723; x_wconf 89' lang='lat' dir='ltr'>ordinem</span> <span class='ocrx_word' id='word_1_34' title='bbox 1009 677 1072 723; x_wconf 93' lang='lat' dir='ltr'>sua</span> 
     </span>
     <span class='ocr_line' id='line_1_7' title="bbox 129 740 1072 882; baseline -0.002 -78"><span class='ocrx_word' id='word_1_35' title='bbox 129 743 249 822; x_wconf 88' lang='lat' dir='ltr'>sponte</span> <span class='ocrx_word' id='word_1_36' title='bbox 269 741 439 806; x_wconf 86' lang='lat' dir='ltr'>infensum</span> <span class='ocrx_word' id='word_1_37' title='bbox 459 742 565 818; x_wconf 88' lang='lat' dir='ltr'>alteri,</span> <span class='ocrx_word' id='word_1_38' title='bbox 590 740 889 835; x_wconf 87' lang='lat' dir='ltr'>quasi-locupletes</span> <span class='ocrx_word' id='word_1_39' title='bbox 910 744 943 804; x_wconf 92' lang='lat' dir='ltr'>et</span> <span class='ocrx_word' id='word_1_40' title='bbox 962 740 1072 882; x_wconf 56' lang='lat' dir='ltr'>grele-</span> 
     </span>
     <span class='ocr_line' id='line_1_8' title="bbox 129 820 1070 902; baseline 0 -18"><span class='ocrx_word' id='word_1_41' title='bbox 129 821 233 884; x_wconf 88' lang='lat' dir='ltr'>tarius</span> <span class='ocrx_word' id='word_1_42' title='bbox 254 821 296 885; x_wconf 91' lang='lat' dir='ltr'>ad</span> <span class='ocrx_word' id='word_1_43' title='bbox 317 820 570 901; x_wconf 83' lang='lat' dir='ltr'>digladiandum</span> <span class='ocrx_word' id='word_1_44' title='bbox 601 824 688 884; x_wconf 90' lang='lat' dir='ltr'>mter</span> <span class='ocrx_word' id='word_1_45' title='bbox 718 839 753 884; x_wconf 88' lang='lat' dir='ltr'>se</span> <span class='ocrx_word' id='word_1_46' title='bbox 781 820 940 902; x_wconf 83' lang='lat' dir='ltr'>pertinaci</span> <span class='ocrx_word' id='word_1_47' title='bbox 983 820 1070 884; x_wconf 89' lang='lat' dir='ltr'>uello</span> 
     </span>
     <span class='ocr_line' id='line_1_9' title="bbox 129 900 1071 983; baseline -0.004 -17"><span class='ocrx_word' id='word_1_48' title='bbox 129 905 254 967; x_wconf 89' lang='lat' dir='ltr'>natura</span> <span class='ocrx_word' id='word_1_49' title='bbox 274 904 525 983; x_wconf 79' lang='lat' dir='ltr'>comparaverit.</span> <span class='ocrx_word' id='word_1_50' title='bbox 550 900 641 977; x_wconf 84' lang='lat' dir='ltr'>Quod</span> <span class='ocrx_word' id='word_1_51' title='bbox 662 901 744 964; x_wconf 86' lang='lat' dir='ltr'>adeo</span> <span class='ocrx_word' id='word_1_52' title='bbox 763 921 783 964; x_wconf 90' lang='lat' dir='ltr'>a</span> <span class='ocrx_word' id='word_1_53' title='bbox 804 901 932 964; x_wconf 87' lang='lat' dir='ltr'>ratione</span> <span class='ocrx_word' id='word_1_54' title='bbox 952 900 1071 964; x_wconf 91' lang='lat' dir='ltr'>abhor-</span> 
     </span>
     <span class='ocr_line' id='line_1_10' title="bbox 129 981 1069 1061; baseline 0.001 -18"><span class='ocrx_word' id='word_1_55' title='bbox 129 987 182 1044; x_wconf 88' lang='lat' dir='ltr'>ret</span> <span class='ocrx_word' id='word_1_56' title='bbox 203 984 236 1044; x_wconf 94' lang='lat' dir='ltr'>et</span> <span class='ocrx_word' id='word_1_57' title='bbox 256 1001 276 1046; x_wconf 92' lang='lat' dir='ltr'>a</span> <span class='ocrx_word' id='word_1_58' title='bbox 297 984 448 1061; x_wconf 84' lang='lat' dir='ltr'>veritate,</span> <span class='ocrx_word' id='word_1_59' title='bbox 471 989 509 1044; x_wconf 89' lang='lat' dir='ltr'>ut</span> <span class='ocrx_word' id='word_1_60' title='bbox 539 984 656 1046; x_wconf 88' lang='lat' dir='ltr'>contra</span> <span class='ocrx_word' id='word_1_61' title='bbox 687 982 898 1045; x_wconf 79' lang='lat' dir='ltr'>verissimum</span> <span class='ocrx_word' id='word_1_62' title='bbox 926 981 979 1060; x_wconf 87' lang='lat' dir='ltr'>sit,</span> <span class='ocrx_word' id='word_1_63' title='bbox 1004 997 1069 1061; x_wconf 89' lang='lat' dir='ltr'>quo</span> 
     </span>
     <span class='ocr_line' id='line_1_11' title="bbox 127 1061 1069 1143; baseline -0.002 -19"><span class='ocrx_word' id='word_1_64' title='bbox 127 1062 229 1125; x_wconf 91' lang='lat' dir='ltr'>modo</span> <span class='ocrx_word' id='word_1_65' title='bbox 250 1063 443 1143; x_wconf 88' lang='lat' dir='ltr'>incorpore</span> <span class='ocrx_word' id='word_1_66' title='bbox 466 1061 595 1126; x_wconf 88' lang='lat' dir='ltr'>diversa</span> <span class='ocrx_word' id='word_1_67' title='bbox 619 1063 704 1125; x_wconf 88' lang='lat' dir='ltr'>inter</span> <span class='ocrx_word' id='word_1_68' title='bbox 726 1081 760 1125; x_wconf 90' lang='lat' dir='ltr'>se</span> <span class='ocrx_word' id='word_1_69' title='bbox 781 1061 929 1125; x_wconf 89' lang='lat' dir='ltr'>membra</span> <span class='ocrx_word' id='word_1_70' title='bbox 948 1078 1069 1123; x_wconf 88' lang='lat' dir='ltr'>conve-</span> 
     </span>
     <span class='ocr_line' id='line_1_12' title="bbox 128 1142 1068 1224; baseline -0.002 -20"><span class='ocrx_word' id='word_1_71' title='bbox 128 1143 241 1222; x_wconf 88' lang='lat' dir='ltr'>niunt,</span> <span class='ocrx_word' id='word_1_72' title='bbox 263 1148 351 1206; x_wconf 88' lang='lat' dir='ltr'>unde</span> <span class='ocrx_word' id='word_1_73' title='bbox 372 1142 455 1206; x_wconf 93' lang='lat' dir='ltr'>illud</span> <span class='ocrx_word' id='word_1_74' title='bbox 477 1143 589 1206; x_wconf 78' lang='lat' dir='ltr'>existit</span> <span class='ocrx_word' id='word_1_75' title='bbox 609 1148 906 1224; x_wconf 85' lang='lat' dir='ltr'>temperamentum</span> <span class='ocrx_word' id='word_1_76' title='bbox 935 1142 1068 1205; x_wconf 83' lang='lat' dir='ltr'>habitu-</span> 
     </span>
     <span class='ocr_line' id='line_1_13' title="bbox 129 1221 1070 1303; baseline 0 -19"><span class='ocrx_word' id='word_1_77' title='bbox 129 1221 238 1298; x_wconf 81' lang='lat' dir='ltr'>dinis,</span> <span class='ocrx_word' id='word_1_78' title='bbox 269 1239 368 1302; x_wconf 92' lang='lat' dir='ltr'>quam</span> <span class='ocrx_word' id='word_1_79' title='bbox 399 1224 627 1303; x_wconf 86' lang='lat' dir='ltr'>symmetriam</span> <span class='ocrx_word' id='word_1_80' title='bbox 659 1227 748 1286; x_wconf 90' lang='lat' dir='ltr'>recte</span> <span class='ocrx_word' id='word_1_81' title='bbox 779 1223 926 1300; x_wconf 85' lang='lat' dir='ltr'>dixeris,</span> <span class='ocrx_word' id='word_1_82' title='bbox 954 1221 1070 1284; x_wconf 91' lang='lat' dir='ltr'>eodem</span> 
     </span>
     <span class='ocr_line' id='line_1_14' title="bbox 128 1301 1070 1384; baseline -0.001 -18"><span class='ocrx_word' id='word_1_83' title='bbox 128 1301 228 1366; x_wconf 92' lang='lat' dir='ltr'>modo</span> <span class='ocrx_word' id='word_1_84' title='bbox 249 1305 405 1366; x_wconf 90' lang='lat' dir='ltr'>naturam</span> <span class='ocrx_word' id='word_1_85' title='bbox 427 1303 620 1367; x_wconf 89' lang='lat' dir='ltr'>incivitate</span> <span class='ocrx_word' id='word_1_86' title='bbox 642 1304 837 1384; x_wconf 86' lang='lat' dir='ltr'>praecepisse</span> <span class='ocrx_word' id='word_1_87' title='bbox 868 1307 907 1365; x_wconf 88' lang='lat' dir='ltr'>ut</span> <span class='ocrx_word' id='word_1_88' title='bbox 928 1303 1070 1382; x_wconf 80' lang='lat' dir='ltr'>geminae</span> 
     </span>
     <span class='ocr_line' id='line_1_15' title="bbox 128 1382 1071 1463; baseline -0.001 -19"><span class='ocrx_word' id='word_1_89' title='bbox 128 1383 198 1446; x_wconf 85' lang='lat' dir='ltr'>illae</span> <span class='ocrx_word' id='word_1_90' title='bbox 217 1383 340 1446; x_wconf 88' lang='lat' dir='ltr'>classes</span> <span class='ocrx_word' id='word_1_91' title='bbox 367 1389 557 1463; x_wconf 88' lang='lat' dir='ltr'>congruant</span> <span class='ocrx_word' id='word_1_92' title='bbox 587 1384 730 1447; x_wconf 81' lang='lat' dir='ltr'>intense</span> <span class='ocrx_word' id='word_1_93' title='bbox 751 1383 971 1462; x_wconf 89' lang='lat' dir='ltr'>concorditer,</span> <span class='ocrx_word' id='word_1_94' title='bbox 995 1382 1071 1446; x_wconf 89' lang='lat' dir='ltr'>sibi-</span> 
     </span>
     <span class='ocr_line' id='line_1_16' title="bbox 129 1462 1068 1546; baseline -0.001 -21"><span class='ocrx_word' id='word_1_95' title='bbox 129 1481 194 1544; x_wconf 90' lang='lat' dir='ltr'>que</span> <span class='ocrx_word' id='word_1_96' title='bbox 218 1465 449 1526; x_wconf 88' lang='lat' dir='ltr'>convenienter</span> <span class='ocrx_word' id='word_1_97' title='bbox 477 1465 519 1526; x_wconf 87' lang='lat' dir='ltr'>ad</span> <span class='ocrx_word' id='word_1_98' title='bbox 543 1464 810 1546; x_wconf 70' lang='lat' dir='ltr'>aequilibritatem</span> <span class='ocrx_word' id='word_1_99' title='bbox 835 1462 1068 1543; x_wconf 89' lang='lat' dir='ltr'>respondeant.</span> 
     </span>
     <span class='ocr_line' id='line_1_17' title="bbox 128 1543 1072 1623; baseline 0 -17"><span class='ocrx_word' id='word_1_100' title='bbox 128 1543 271 1606; x_wconf 88' lang='lat' dir='ltr'>Omnino</span> <span class='ocrx_word' id='word_1_101' title='bbox 292 1545 398 1607; x_wconf 89' lang='lat' dir='ltr'>altera</span> <span class='ocrx_word' id='word_1_102' title='bbox 418 1545 557 1608; x_wconf 86' lang='lat' dir='ltr'>alterius</span> <span class='ocrx_word' id='word_1_103' title='bbox 578 1545 728 1623; x_wconf 78' lang='lat' dir='ltr'>indiget:</span> <span class='ocrx_word' id='word_1_104' title='bbox 763 1561 829 1607; x_wconf 89' lang='lat' dir='ltr'>non</span> <span class='ocrx_word' id='word_1_105' title='bbox 860 1561 912 1607; x_wconf 87' lang='lat' dir='ltr'>res</span> <span class='ocrx_word' id='word_1_106' title='bbox 944 1544 1015 1605; x_wconf 90' lang='lat' dir='ltr'>sine</span> <span class='ocrx_word' id='word_1_107' title='bbox 1038 1561 1072 1606; x_wconf 91' lang='lat' dir='ltr'>o-</span> 
     </span>
     <span class='ocr_line' id='line_1_18' title="bbox 128 1624 1072 1706; baseline -0.003 -20"><span class='ocrx_word' id='word_1_108' title='bbox 128 1625 222 1704; x_wconf 76' lang='lat' dir='ltr'>pert,</span> <span class='ocrx_word' id='word_1_109' title='bbox 238 1641 300 1687; x_wconf 91' lang='lat' dir='ltr'>nec</span> <span class='ocrx_word' id='word_1_110' title='bbox 321 1625 393 1688; x_wconf 91' lang='lat' dir='ltr'>sine</span> <span class='ocrx_word' id='word_1_111' title='bbox 414 1643 449 1689; x_wconf 89' lang='lat' dir='ltr'>re</span> <span class='ocrx_word' id='word_1_112' title='bbox 471 1628 579 1705; x_wconf 89' lang='lat' dir='ltr'>potest</span> <span class='ocrx_word' id='word_1_113' title='bbox 600 1643 700 1706; x_wconf 90' lang='lat' dir='ltr'>opera</span> <span class='ocrx_word' id='word_1_114' title='bbox 721 1625 911 1688; x_wconf 90' lang='lat' dir='ltr'>consistere.</span> <span class='ocrx_word' id='word_1_115' title='bbox 929 1624 1072 1686; x_wconf 79' lang='lat' dir='ltr'>Concor·</span> 
     </span>
     <span class='ocr_line' id='line_1_19' title="bbox 128 1703 1068 1786; baseline -0.002 -20"><span class='ocrx_word' id='word_1_116' title='bbox 128 1703 186 1766; x_wconf 88' lang='lat' dir='ltr'>dia</span> <span class='ocrx_word' id='word_1_117' title='bbox 206 1705 320 1784; x_wconf 89' lang='lat' dir='ltr'>gignit</span> <span class='ocrx_word' id='word_1_118' title='bbox 340 1705 598 1786; x_wconf 87' lang='lat' dir='ltr'>pulcritudinem</span> <span class='ocrx_word' id='word_1_119' title='bbox 630 1723 741 1768; x_wconf 89' lang='lat' dir='ltr'>rerum</span> <span class='ocrx_word' id='word_1_120' title='bbox 772 1708 871 1784; x_wconf 89' lang='lat' dir='ltr'>atque</span> <span class='ocrx_word' id='word_1_121' title='bbox 898 1703 1068 1767; x_wconf 91' lang='lat' dir='ltr'>ordinem:</span> 
     </span>
     <span class='ocr_line' id='line_1_20' title="bbox 129 1787 1071 1868; baseline -0.004 -20"><span class='ocrx_word' id='word_1_122' title='bbox 129 1788 246 1848; x_wconf 88' lang='lat' dir='ltr'>contra</span> <span class='ocrx_word' id='word_1_123' title='bbox 267 1803 310 1848; x_wconf 87' lang='lat' dir='ltr'>ex</span> <span class='ocrx_word' id='word_1_124' title='bbox 331 1787 551 1868; x_wconf 89' lang='lat' dir='ltr'>perpetuitate</span> <span class='ocrx_word' id='word_1_125' title='bbox 572 1787 763 1849; x_wconf 87' lang='lat' dir='ltr'>certaminis</span> <span class='ocrx_word' id='word_1_126' title='bbox 791 1787 917 1848; x_wconf 90' lang='lat' dir='ltr'>oriatur</span> <span class='ocrx_word' id='word_1_127' title='bbox 938 1799 1071 1846; x_wconf 92' lang='lat' dir='ltr'>necesse</span> 
     </span>
     <span class='ocr_line' id='line_1_21' title="bbox 129 1864 1071 1945; baseline -0.003 -17"><span class='ocrx_word' id='word_1_128' title='bbox 129 1872 183 1928; x_wconf 89' lang='lat' dir='ltr'>est</span> <span class='ocrx_word' id='word_1_129' title='bbox 203 1883 279 1928; x_wconf 89' lang='lat' dir='ltr'>oum</span> <span class='ocrx_word' id='word_1_130' title='bbox 302 1867 430 1945; x_wconf 86' lang='lat' dir='ltr'>agresti</span> <span class='ocrx_word' id='word_1_131' title='bbox 460 1867 668 1930; x_wconf 84' lang='lat' dir='ltr'>immanitate</span> <span class='ocrx_word' id='word_1_132' title='bbox 689 1864 850 1929; x_wconf 85' lang='lat' dir='ltr'>conlusio.</span> <span class='ocrx_word' id='word_1_133' title='bbox 874 1865 970 1928; x_wconf 89' lang='lat' dir='ltr'>Nunc</span> <span class='ocrx_word' id='word_1_134' title='bbox 992 1880 1071 1925; x_wconf 90' lang='lat' dir='ltr'>vero</span> 
     </span>
     <span class='ocr_line' id='line_1_22' title="bbox 129 1943 1070 2027; baseline -0.001 -19"><span class='ocrx_word' id='word_1_135' title='bbox 129 1945 187 2009; x_wconf 89' lang='lat' dir='ltr'>ad·</span> <span class='ocrx_word' id='word_1_136' title='bbox 204 1945 425 2010; x_wconf 90' lang='lat' dir='ltr'>dirimendum</span> <span class='ocrx_word' id='word_1_137' title='bbox 455 1951 645 2027; x_wconf 84' lang='lat' dir='ltr'>certamen,</span> <span class='ocrx_word' id='word_1_138' title='bbox 670 1947 825 2027; x_wconf 89' lang='lat' dir='ltr'>ipsasque</span> <span class='ocrx_word' id='word_1_139' title='bbox 846 1944 917 2025; x_wconf 85' lang='lat' dir='ltr'>ejus</span> <span class='ocrx_word' id='word_1_140' title='bbox 944 1943 1070 2007; x_wconf 86' lang='lat' dir='ltr'>radices</span> 
     </span>
     <span class='ocr_line' id='line_1_23' title="bbox 128 2025 1072 2106; baseline -0.003 -17"><span class='ocrx_word' id='word_1_141' title='bbox 128 2025 362 2106; x_wconf 86' lang='lat' dir='ltr'>amputandas,</span> <span class='ocrx_word' id='word_1_142' title='bbox 386 2029 469 2090; x_wconf 88' lang='lat' dir='ltr'>mira</span> <span class='ocrx_word' id='word_1_143' title='bbox 490 2029 541 2091; x_wconf 88' lang='lat' dir='ltr'>vis</span> <span class='ocrx_word' id='word_1_144' title='bbox 561 2033 610 2092; x_wconf 91' lang='lat' dir='ltr'>est</span> <span class='ocrx_word' id='word_1_145' title='bbox 630 2028 859 2091; x_wconf 88' lang='lat' dir='ltr'>institutorum</span> <span class='ocrx_word' id='word_1_146' title='bbox 879 2025 1072 2088; x_wconf 90' lang='lat' dir='ltr'>christiano·</span> 
     </span>
     <span class='ocr_line' id='line_1_24' title="bbox 129 2103 1070 2189; baseline -0.002 -21"><span class='ocrx_word' id='word_1_147' title='bbox 129 2124 228 2183; x_wconf 85' lang='lat' dir='ltr'>rum,</span> <span class='ocrx_word' id='word_1_148' title='bbox 252 2125 356 2188; x_wconf 88' lang='lat' dir='ltr'>eaque</span> <span class='ocrx_word' id='word_1_149' title='bbox 382 2109 573 2189; x_wconf 84' lang='lat' dir='ltr'>multiplex.</span> <span class='ocrx_word' id='word_1_150' title='bbox 597 2145 637 2154; x_wconf 94' lang='lat'>—</span> <span class='ocrx_word' id='word_1_151' title='bbox 668 2111 714 2170; x_wconf 86' lang='lat' dir='ltr'>Ac</span> <span class='ocrx_word' id='word_1_152' title='bbox 745 2107 889 2188; x_wconf 87' lang='lat' dir='ltr'>primum</span> <span class='ocrx_word' id='word_1_153' title='bbox 922 2108 993 2169; x_wconf 90' lang='lat' dir='ltr'>tcta</span> <span class='ocrx_word' id='word_1_154' title='bbox 1021 2103 1070 2167; x_wconf 93' lang='lat' dir='ltr'>di·</span> 
     </span>
     <span class='ocr_line' id='line_1_25' title="bbox 130 2187 1070 2269; baseline -0.004 -19"><span class='ocrx_word' id='word_1_155' title='bbox 130 2188 273 2268; x_wconf 91' lang='lat' dir='ltr'>sciplina</span> <span class='ocrx_word' id='word_1_156' title='bbox 292 2188 477 2268; x_wconf 83' lang='lat' dir='ltr'>religionis,</span> <span class='ocrx_word' id='word_1_157' title='bbox 500 2189 596 2269; x_wconf 88' lang='lat' dir='ltr'>cujus</span> <span class='ocrx_word' id='word_1_158' title='bbox 627 2193 676 2251; x_wconf 89' lang='lat' dir='ltr'>est</span> <span class='ocrx_word' id='word_1_159' title='bbox 705 2189 870 2269; x_wconf 88' lang='lat' dir='ltr'>interpres</span> <span class='ocrx_word' id='word_1_160' title='bbox 901 2191 934 2249; x_wconf 89' lang='lat' dir='ltr'>et</span> <span class='ocrx_word' id='word_1_161' title='bbox 959 2187 1070 2249; x_wconf 90' lang='lat' dir='ltr'>custos</span> 
     </span>
     <span class='ocr_line' id='line_1_26' title="bbox 128 2266 1070 2350; baseline -0.003 -20"><span class='ocrx_word' id='word_1_162' title='bbox 128 2267 290 2346; x_wconf 88' lang='lat' dir='ltr'>Ecclesia,</span> <span class='ocrx_word' id='word_1_163' title='bbox 314 2286 518 2349; x_wconf 89' lang='lat' dir='ltr'>magnopere</span> <span class='ocrx_word' id='word_1_164' title='bbox 539 2266 649 2350; x_wconf 90' lang='lat' dir='ltr'>potest</span> <span class='ocrx_word' id='word_1_165' title='bbox 669 2268 851 2349; x_wconf 90' lang='lat' dir='ltr'>locupletes</span> <span class='ocrx_word' id='word_1_166' title='bbox 872 2270 905 2329; x_wconf 89' lang='lat' dir='ltr'>et</span> <span class='ocrx_word' id='word_1_167' title='bbox 925 2266 1070 2347; x_wconf 88' lang='lat' dir='ltr'>proleta-</span> 
     </span>
     <span class='ocr_line' id='line_1_27' title="bbox 130 2346 1072 2430; baseline -0.004 -20"><span class='ocrx_word' id='word_1_168' title='bbox 130 2349 198 2412; x_wconf 90' lang='lat' dir='ltr'>rios</span> <span class='ocrx_word' id='word_1_169' title='bbox 229 2365 424 2429; x_wconf 89' lang='lat' dir='ltr'>compcnere</span> <span class='ocrx_word' id='word_1_170' title='bbox 454 2349 598 2412; x_wconf 91' lang='lat' dir='ltr'>invicem</span> <span class='ocrx_word' id='word_1_171' title='bbox 629 2352 663 2413; x_wconf 88' lang='lat' dir='ltr'>et</span> <span class='ocrx_word' id='word_1_172' title='bbox 694 2349 918 2430; x_wconf 84' lang='lat' dir='ltr'>conjungere,</span> <span class='ocrx_word' id='word_1_173' title='bbox 945 2346 1072 2409; x_wconf 89' lang='lat' dir='ltr'>scilicet</span> 
     </span>
     <span class='ocr_line' id='line_1_28' title="bbox 130 2425 1071 2512; baseline -0.006 -20"><span class='ocrx_word' id='word_1_174' title='bbox 130 2438 274 2510; x_wconf 88' lang='lat' dir='ltr'>utroque</span> <span class='ocrx_word' id='word_1_175' title='bbox 304 2428 420 2493; x_wconf 92' lang='lat' dir='ltr'>ordine</span> <span class='ocrx_word' id='word_1_176' title='bbox 451 2429 493 2492; x_wconf 88' lang='lat' dir='ltr'>ad</span> <span class='ocrx_word' id='word_1_177' title='bbox 524 2429 632 2512; x_wconf 89' lang='lat' dir='ltr'>officia</span> <span class='ocrx_word' id='word_1_178' title='bbox 662 2434 781 2493; x_wconf 92' lang='lat' dir='ltr'>mutua</span> <span class='ocrx_word' id='word_1_179' title='bbox 811 2425 1009 2503; x_wconf 85' lang='lat' dir='ltr'>revocando,</span> <span class='ocrx_word' id='word_1_180' title='bbox 1035 2425 1071 2487; x_wconf 91' lang='lat' dir='ltr'>in</span> 
     </span>
     <span class='ocr_line' id='line_1_29' title="bbox 129 2506 1072 2591; baseline -0.005 -19"><span class='ocrx_word' id='word_1_181' title='bbox 129 2509 312 2591; x_wconf 88' lang='lat' dir='ltr'>primisque</span> <span class='ocrx_word' id='word_1_182' title='bbox 333 2509 376 2572; x_wconf 90' lang='lat' dir='ltr'>ad</span> <span class='ocrx_word' id='word_1_183' title='bbox 397 2527 436 2573; x_wconf 90' lang='lat' dir='ltr'>ea</span> <span class='ocrx_word' id='word_1_184' title='bbox 458 2525 532 2591; x_wconf 82' lang='lat' dir='ltr'>quae</span> <span class='ocrx_word' id='word_1_185' title='bbox 552 2527 572 2571; x_wconf 89' lang='lat' dir='ltr'>a</span> <span class='ocrx_word' id='word_1_186' title='bbox 589 2509 722 2590; x_wconf 86' lang='lat' dir='ltr'>justitia</span> <span class='ocrx_word' id='word_1_187' title='bbox 744 2508 923 2573; x_wconf 89' lang='lat' dir='ltr'>ducuntur.</span> <span class='ocrx_word' id='word_1_188' title='bbox 947 2506 1072 2582; x_wconf 87' lang='lat' dir='ltr'>Quibus</span> 
     </span>
     <span class='ocr_line' id='line_1_30' title="bbox 125 2585 1072 2669; baseline -0.006 -17"><span class='ocrx_word' id='word_1_189' title='bbox 125 2607 171 2652; x_wconf 78' lang='lat' dir='ltr'>es</span> <span class='ocrx_word' id='word_1_190' title='bbox 192 2590 309 2652; x_wconf 90' lang='lat' dir='ltr'>officiis</span> <span class='ocrx_word' id='word_1_191' title='bbox 329 2591 389 2652; x_wconf 91' lang='lat' dir='ltr'>illa</span> <span class='ocrx_word' id='word_1_192' title='bbox 412 2589 627 2669; x_wconf 87' lang='lat' dir='ltr'>proletarium</span> <span class='ocrx_word' id='word_1_193' title='bbox 659 2593 759 2669; x_wconf 90' lang='lat' dir='ltr'>atque</span> <span class='ocrx_word' id='word_1_194' title='bbox 792 2587 941 2669; x_wconf 89' lang='lat' dir='ltr'>opificem</span> <span class='ocrx_word' id='word_1_195' title='bbox 973 2585 1072 2647; x_wconf 86' lang='lat' dir='ltr'>attin-</span> 
     </span>
     <span class='ocr_line' id='line_1_31' title="bbox 130 2669 1071 2750; baseline -0.007 -17"><span class='ocrx_word' id='word_1_196' title='bbox 130 2675 236 2750; x_wconf 89' lang='lat' dir='ltr'>gunt·</span> <span class='ocrx_word' id='word_1_197' title='bbox 261 2669 347 2750; x_wconf 88' lang='lat' dir='ltr'>quod</span> <span class='ocrx_word' id='word_1_198' title='bbox 367 2671 470 2733; x_wconf 88' lang='lat' dir='ltr'>libere</span> <span class='ocrx_word' id='word_1_199' title='bbox 490 2674 523 2732; x_wconf 88' lang='lat' dir='ltr'>et</span> <span class='ocrx_word' id='word_1_200' title='bbox 543 2687 619 2732; x_wconf 90' lang='lat' dir='ltr'>cum</span> <span class='ocrx_word' id='word_1_201' title='bbox 641 2687 668 2732; x_wconf 90' lang='lat' dir='ltr'><strong>ae</strong></span> <span class='ocrx_word' id='word_1_202' title='bbox 691 2670 794 2731; x_wconf 87' lang='lat' dir='ltr'>uitate</span> <span class='ocrx_word' id='word_1_203' title='bbox 813 2670 948 2749; x_wconf 91' lang='lat' dir='ltr'>pactum</span> <span class='ocrx_word' id='word_1_204' title='bbox 963 2682 1071 2746; x_wconf 85' lang='lat' dir='ltr'>operae</span> 
     </span>
     <span class='ocr_line' id='line_1_32' title="bbox 130 2687 1072 2829; baseline -0.007 -16"><span class='ocrx_word' id='word_1_205' title='bbox 130 2749 185 2829; x_wconf 87' lang='lat' dir='ltr'>sit,</span> <span class='ocrx_word' id='word_1_206' title='bbox 209 2719 245 2813; x_wconf 79' lang='lat' dir='ltr'>id</span> <span class='ocrx_word' id='word_1_207' title='bbox 265 2753 396 2829; x_wconf 89' lang='lat' dir='ltr'>integre</span> <span class='ocrx_word' id='word_1_208' title='bbox 424 2754 458 2812; x_wconf 90' lang='lat' dir='ltr'>et</span> <span class='ocrx_word' id='word_1_209' title='bbox 477 2749 619 2813; x_wconf 91' lang='lat' dir='ltr'>fideliter</span> <span class='ocrx_word' id='word_1_210' title='bbox 640 2687 793 2812; x_wconf 43' lang='lat' dir='ltr'>reddere:</span> <span class='ocrx_word' id='word_1_211' title='bbox 828 2766 894 2810; x_wconf 89' lang='lat' dir='ltr'>non</span> <span class='ocrx_word' id='word_1_212' title='bbox 926 2747 971 2810; x_wconf 88' lang='lat' dir='ltr'>rei</span> <span class='ocrx_word' id='word_1_213' title='bbox 1003 2746 1072 2808; x_wconf 94' lang='lat' dir='ltr'>ullo</span> 
     </span>
     <span class='ocr_line' id='line_1_33' title="bbox 129 2828 1069 2911; baseline -0.009 -17"><span class='ocrx_word' id='word_1_214' title='bbox 129 2829 230 2894; x_wconf 90' lang='lat' dir='ltr'>modo</span> <span class='ocrx_word' id='word_1_215' title='bbox 251 2847 380 2909; x_wconf 87' lang='lat' dir='ltr'>nocere,</span> <span class='ocrx_word' id='word_1_216' title='bbox 403 2847 472 2893; x_wconf 91' lang='lat' dir='ltr'>non</span> <span class='ocrx_word' id='word_1_217' title='bbox 499 2847 674 2911; x_wconf 90' lang='lat' dir='ltr'>personam</span> <span class='ocrx_word' id='word_1_218' title='bbox 695 2831 819 2892; x_wconf 90' lang='lat' dir='ltr'>violare</span> <span class='ocrx_word' id='word_1_219' title='bbox 840 2828 1069 2890; x_wconf 90' lang='lat' dir='ltr'>dominorum:</span> 
     </span>
     <span class='ocr_line' id='line_1_34' title="bbox 131 2908 1072 2990; baseline -0.005 -18"><span class='ocrx_word' id='word_1_220' title='bbox 131 2913 165 2973; x_wconf 92' lang='lat' dir='ltr'>iu</span> <span class='ocrx_word' id='word_1_221' title='bbox 188 2911 267 2990; x_wconf 88' lang='lat' dir='ltr'>ipsis</span> <span class='ocrx_word' id='word_1_222' title='bbox 287 2910 420 2974; x_wconf 89' lang='lat' dir='ltr'>tuendis</span> <span class='ocrx_word' id='word_1_223' title='bbox 441 2910 626 2975; x_wconf 88' lang='lat' dir='ltr'>rationibus</span> <span class='ocrx_word' id='word_1_224' title='bbox 647 2911 714 2972; x_wconf 91' lang='lat' dir='ltr'>suis</span> <span class='ocrx_word' id='word_1_225' title='bbox 735 2909 900 2972; x_wconf 89' lang='lat' dir='ltr'>abstinere</span> <span class='ocrx_word' id='word_1_226' title='bbox 914 2926 934 2970; x_wconf 88' lang='lat' dir='ltr'>a</span> <span class='ocrx_word' id='word_1_227' title='bbox 947 2908 994 2983; x_wconf 83' lang='lat' dir='ltr'>vi,</span> <span class='ocrx_word' id='word_1_228' title='bbox 1010 2922 1072 2968; x_wconf 90' lang='lat' dir='ltr'>nec</span> 
     </span>
     <span class='ocr_line' id='line_1_35' title="bbox 132 2989 1073 3073; baseline -0.006 -19"><span class='ocrx_word' id='word_1_229' title='bbox 132 2991 327 3055; x_wconf 88' lang='lat' dir='ltr'>seditionem</span> <span class='ocrx_word' id='word_1_230' title='bbox 349 2991 486 3055; x_wconf 91' lang='lat' dir='ltr'>induere</span> <span class='ocrx_word' id='word_1_231' title='bbox 507 3008 677 3073; x_wconf 88' lang='lat' dir='ltr'>unquam:</span> <span class='ocrx_word' id='word_1_232' title='bbox 699 3007 761 3053; x_wconf 92' lang='lat' dir='ltr'>nec</span> <span class='ocrx_word' id='word_1_233' title='bbox 775 2989 982 3066; x_wconf 87' lang='lat' dir='ltr'>commisceri</span> <span class='ocrx_word' id='word_1_234' title='bbox 996 3003 1073 3050; x_wconf 92' lang='lat' dir='ltr'>cum</span> 
     </span>
     <span class='ocr_line' id='line_1_36' title="bbox 131 3067 1073 3152; baseline -0.007 -18"><span class='ocrx_word' id='word_1_235' title='bbox 131 3071 323 3136; x_wconf 89' lang='lat' dir='ltr'>hominibus</span> <span class='ocrx_word' id='word_1_236' title='bbox 342 3071 531 3150; x_wconf 87' lang='lat' dir='ltr'>flagitiosis,</span> <span class='ocrx_word' id='word_1_237' title='bbox 546 3070 740 3135; x_wconf 89' lang='lat' dir='ltr'>immodicas</span> <span class='ocrx_word' id='word_1_238' title='bbox 761 3083 836 3152; x_wconf 86' lang='lat' dir='ltr'>spes</span> <span class='ocrx_word' id='word_1_239' title='bbox 857 3072 891 3133; x_wconf 92' lang='lat' dir='ltr'>et</span> <span class='ocrx_word' id='word_1_240' title='bbox 911 3067 1073 3149; x_wconf 89' lang='lat' dir='ltr'>promissa</span> 
     </span>
     <span class='ocr_line' id='line_1_37' title="bbox 131 3147 1073 3233; baseline -0.006 -19"><span class='ocrx_word' id='word_1_241' title='bbox 131 3152 286 3231; x_wconf 88' lang='lat' dir='ltr'>ingentia</span> <span class='ocrx_word' id='word_1_242' title='bbox 306 3152 483 3216; x_wconf 85' lang='lat' dir='ltr'>artificiose</span> <span class='ocrx_word' id='word_1_243' title='bbox 511 3151 731 3233; x_wconf 87' lang='lat' dir='ltr'>jactantibus,</span> <span class='ocrx_word' id='word_1_244' title='bbox 755 3149 843 3232; x_wconf 93' lang='lat' dir='ltr'>quod</span> <span class='ocrx_word' id='word_1_245' title='bbox 873 3151 942 3213; x_wconf 86' lang='lat' dir='ltr'>fere</span> <span class='ocrx_word' id='word_1_246' title='bbox 973 3147 1073 3210; x_wconf 89' lang='lat' dir='ltr'>habet</span> 
     </span>
     <span class='ocr_line' id='line_1_38' title="bbox 131 3231 1073 3313; baseline -0.006 -17"><span class='ocrx_word' id='word_1_247' title='bbox 131 3233 365 3313; x_wconf 86' lang='lat' dir='ltr'>poeniteutiam</span> <span class='ocrx_word' id='word_1_248' title='bbox 387 3233 541 3296; x_wconf 92' lang='lat' dir='ltr'>inutilem</span> <span class='ocrx_word' id='word_1_249' title='bbox 569 3232 602 3296; x_wconf 90' lang='lat' dir='ltr'>et</span> <span class='ocrx_word' id='word_1_250' title='bbox 628 3231 838 3296; x_wconf 89' lang='lat' dir='ltr'>fortunarum</span> <span class='ocrx_word' id='word_1_251' title='bbox 859 3231 974 3292; x_wconf 88' lang='lat' dir='ltr'>ruinas</span> <span class='ocrx_word' id='word_1_252' title='bbox 994 3244 1073 3291; x_wconf 91' lang='lat' dir='ltr'>con·</span> 
     </span>
     <span class='ocr_line' id='line_1_39' title="bbox 133 3307 1073 3401; baseline -0.006 -26"><span class='ocrx_word' id='word_1_253' title='bbox 133 3319 320 3394; x_wconf 88' lang='lat' dir='ltr'>sequentes.</span> <span class='ocrx_word' id='word_1_254' title='bbox 336 3349 374 3359; x_wconf 90' lang='lat'>-</span> <span class='ocrx_word' id='word_1_255' title='bbox 397 3314 471 3376; x_wconf 88' lang='lat' dir='ltr'>Ista</span> <span class='ocrx_word' id='word_1_256' title='bbox 486 3331 565 3378; x_wconf 89' lang='lat' dir='ltr'>vero</span> <span class='ocrx_word' id='word_1_257' title='bbox 587 3312 629 3375; x_wconf 92' lang='lat' dir='ltr'>ad</span> <span class='ocrx_word' id='word_1_258' title='bbox 651 3313 770 3376; x_wconf 87' lang='lat' dir='ltr'>divites</span> <span class='ocrx_word' id='word_1_259' title='bbox 791 3313 942 3392; x_wconf 91' lang='lat' dir='ltr'>spectant</span> <span class='ocrx_word' id='word_1_260' title='bbox 963 3326 1002 3401; x_wconf 76' lang='lat' dir='ltr'>ac</span> <span class='ocrx_word' id='word_1_261' title='bbox 1016 3307 1073 3370; x_wconf 87' lang='lat' dir='ltr'>dc-</span> 
     </span>
     <span class='ocr_line' id='line_1_40' title="bbox 134 3387 1069 3480; baseline -0.011 -24"><span class='ocrx_word' id='word_1_262' title='bbox 134 3395 262 3458; x_wconf 90' lang='lat' dir='ltr'>minos:</span> <span class='ocrx_word' id='word_1_263' title='bbox 286 3412 353 3458; x_wconf 90' lang='lat' dir='ltr'>non</span> <span class='ocrx_word' id='word_1_264' title='bbox 374 3394 541 3457; x_wconf 87' lang='lat' dir='ltr'>habendos</span> <span class='ocrx_word' id='word_1_265' title='bbox 563 3393 803 3473; x_wconf 90' lang='lat' dir='ltr'>mancipiorum</span> <span class='ocrx_word' id='word_1_266' title='bbox 826 3393 897 3454; x_wconf 91' lang='lat' dir='ltr'>loco</span> <span class='ocrx_word' id='word_1_267' title='bbox 919 3387 1069 3480; x_wconf 82' lang='lat' dir='ltr'>oprfices:</span> 
     </span>
     <span class='ocr_line' id='line_1_41' title="bbox 135 3470 1078 3556; baseline -0.007 -21"><span class='ocrx_word' id='word_1_268' title='bbox 135 3476 240 3538; x_wconf 87' lang='lat' dir='ltr'>vereri</span> <span class='ocrx_word' id='word_1_269' title='bbox 259 3475 356 3538; x_wconf 88' lang='lat' dir='ltr'>ineis</span> <span class='ocrx_word' id='word_1_270' title='bbox 377 3492 507 3556; x_wconf 89' lang='lat' dir='ltr'>aequum</span> <span class='ocrx_word' id='word_1_271' title='bbox 524 3491 594 3537; x_wconf 89' lang='lat' dir='ltr'>esse</span> <span class='ocrx_word' id='word_1_272' title='bbox 612 3473 811 3552; x_wconf 89' lang='lat' dir='ltr'>dignitatem</span> <span class='ocrx_word' id='word_1_273' title='bbox 832 3470 1078 3552; x_wconf 87' lang='lat' dir='ltr'>perscnae,ut1-</span> 
     </span>
    </p>
   </div>
   <div class='ocr_carea' id='block_1_3' title="bbox 0 0 1291 4182">
    <p class='ocr_par' dir='ltr' id='par_1_4' title="bbox 0 0 1291 4182">
     <span class='ocr_line' id='line_1_42' title="bbox 0 0 1291 4182; baseline 0 0"><span class='ocrx_word' id='word_1_274' title='bbox 0 0 1291 4182; x_wconf 95' lang='lat' dir='ltr'> </span> 
     </span>
    </p>
   </div>
  </div>
 </body>
</html>
