2554 4182
481 290 660 352 —363-

99 415 188 476 1111,
211 398 330 461 acerba
354 397 436 460 adeo
461 397 619 459 Ecclesiae
642 400 703 475 est,
726 397 828 459 Nobis
853 402 978 477 autem,
999 398 1040 461 ad

99 478 331 556 gubernacula
342 477 681 558 ejusdiviuoconsilio
691 477 893 552 sedentibus,
902 480 1039 543 acerbis·

99 559 198 636 11111,
215 567 364 637 spectare
380 563 412 620 et
423 558 579 620 admirari
593 558 671 619 licet
685 574 785 637 quam
800 559 919 620 erectis
933 559 1041 622 incen-

98 639 211 719 sisque
224 639 353 710 11111111,
367 639 402 700 11
416 640 506 701 omni
520 639 592 701 loco
607 643 639 699 et
653 644 754 716 gente
768 638 921 701 catholici
936 641 1039 703 nomi·

32 723 36 734 “
100 719 167 795 nis,
189 720 327 782 mariale
343 720 514 781 Rosarium
536 718 666 781 colatur
687 721 721 780 et
735 718 935 782 celebretur:
952 719 1039 800 quod

98 799 181 862 facti
196 817 300 880 quum
314 801 381 862 Deo
397 800 518 877 verius,
535 799 720 862 moderanti
734 800 916 880 agentique
931 800 1039 863 homi-

99 897 170 958 nes,
184 897 286 960 quam
308 880 366 942 ulli
387 880 561 942 hominum
582 878 764 959 prudentiae
786 883 821 941 et
834 881 976 943 navitati
989 899 1040 943 16-

98 965 151 1022 116
166 962 209 1022 111
223 960 448 1038 tribuendum,
462 961 612 1023 animum
627 961 785 1023 Nostrum
800 959 977 1023 admodum
993 979 1040 1024 so-

97 1041 190 1102 latur
201 1046 234 1103 et
246 1041 364 1108 reiicit,
382 1057 572 1120 magnaque
594 1041 736 1119 complet
751 1040 874 1103 fiducia
889 1040 928 1103 de
943 1059 1038 1104 reno·

97 1121 397 1262 {indishfflesiae
417 1120 741 1201 amplificandisque,
765 1121 898 1200 auspice
919 1122 1037 1201 Maria,

114 1219 203 1264 rrum
252 1220 289 1263 11.

138 1218 225 1344 sunit)
254 1285 368 1344 autern
399 1281 457 1375 qui
487 1281 558 1344 haec
582 1283 656 1362 ipsa
675 1299 696 1343 a
716 1281 818 1344 Nobis
839 1299 1038 1358 commemo-

97 1368 174 1424 rata
194 1361 297 1441 probe
317 1362 342 1424 ii
364 1362 497 1443 qu1dem
519 1364 677 1440 sentiant,
700 1361 757 1424 sed
778 1362 857 1441 quia
879 1362 961 1425 nihil
982 1361 1040 1424 ad-

98 1441 165 1504 huc
187 1442 226 1504 de
247 1443 389 1523 speratis
409 1443 519 1518 rebus,
543 1443 583 1505 de
604 1458 685 1522 pace
706 1441 740 1504 in
762 1442 879 1521 primis
899 1447 1039 1506 1111111-

98 1523 264 1603 quillitate
300 1523 468 1600 Ecclesiae,
499 1523 728 1602 impetratum,
760 1521 862 1584 immo
896 1524 1037 1586 fortasse

96 1611 249 1682 tempora
270 1602 415 1665 deterius
436 1601 565 1665 misceri
587 1602 712 1677 vident,
729 1619 802 1665 eam
823 1602 945 1665 idcirco
966 1602 1038 1664 dili·

96 1684 250 1762 gentiam
280 1688 314 1745 61
338 1683 546 1746 affectionem
567 1683 725 1765 precandi
747 1684 840 1745 velut
861 1682 1038 1760 defatigati

97 1769 131 1826 et
151 1764 251 1826 diffisi
272 1763 505 1826 intermittant.
529 1764 688 1826 Homines
702 1763 888 1825 istiusmodi
903 1762 1038 1825 videant

96 1845 160 1924 ipsi
181 1849 260 1907 ante
280 1849 314 1908 et
334 1844 497 1918 laborent,
514 1849 564 1924 ut,
581 1862 663 1926 quas
684 1846 750 1907 Deo
772 1842 953 1906 adhibeant
966 1860 1038 1924 pre-

95 1942 171 2004 ces,
194 1926 283 2005 aptis
314 1925 507 2003 virtutibus,
531 1941 571 1987 ex
602 1924 722 1986 Christi
753 1924 884 1986 Domini
917 1941 1035 2003 praece·

95 2006 221 2086 ptione,
238 2011 407 2068 ornentur:
426 2022 500 2086 quae
520 2005 549 2068 si
571 2006 655 2067 tales
676 2004 811 2076 fuerint,
830 2004 1038 2067 considerent

96 2102 207 2165 porro,
230 2086 409 2164 indignum
442 2102 512 2148 esse
545 2090 578 2148 et
609 2086 714 2158 nefas,
735 2086 822 2147 velle
850 2102 884 2148 16
905 2088 1039 2166 tempus

96 2167 317 2231 subveniendi
350 2165 549 2245 modumque
584 2166 786 2229 constituere
821 2165 912 2243 Deo,
945 2165 1039 2228 nobis

100 2246 187 2310 nihil
207 2247 389 2328 quidquam
410 2246 556 2324 debenti,
579 2247 626 2308 ita
646 2253 685 2308 11
706 2263 809 2325 quum
831 2245 923 2308 audit
944 2263 1040 2309 oran-

101 2333 151 2389 tes
172 2330 207 2390 et
228 2330 372 2390 coronat
394 2331 522 2390 1111111
542 2330 789 2406 adalrammi
817 2329 914 2389 allud
941 2342 1037 2390 coro·
1138 2399 1143 2406 ,

96 2409 156 2472 net
178 2425 281 2483 quum
303 2425 450 2471 munera
471 2423 537 2469 suu
558 2409 582 2485 1,
605 2411 638 2471 et
659 2424 761 2487 quum
784 2407 896 2469 minus
910 2410 1039 2469 senten·

98 2490 153 2551 tiae
174 2494 298 2551 nostrae
320 2487 534 2567 obsecundat,
556 2487 769 2568 providenter
792 2494 875 2564 agat
903 2503 979 2548 cum
1000 2487 1038 2548 fi·

82 2569 151 2631 liis
182 2573 277 2650 pater
310 2568 440 2646 bonna,
464 2585 578 2630 eorum
610 2569 769 2630 miserans
800 2566 1035 2647 insipientiam,

97 2651 275 2712 consulens
297 2649 445 2711 utilitati.
468 2649 613 2722 -Quas
645 2665 723 2710 vero
751 2664 874 2727 preces,
899 2651 937 2709 ut
960 2665 1036 2728 pro·

97 2729 255 2810 pitiemus
273 2729 427 2792 Ecclesiae
448 2729 564 2806 Deum,
588 2745 664 2789 cum
696 2727 866 2803 suffragiis
897 2729 1037 2807 conjun-

22 2822 25 2830 '
97 2814 170 2873 ctas
191 2808 341 2872 (taelitum
364 2813 567 2886 sanctorum,
583 2807 749 2887 supplices
770 2808 958 2885 deferimus,
982 2825 1038 2870 eas

98 2892 170 2970 ipse
190 2907 373 2969 numquam
404 2906 472 2951 non
491 2889 731 2966 benignissime
753 2888 900 2950 admittit
927 2892 960 2950 et
981 2906 1037 2950 ex-

99 2971 172 3051 plet
202 2971 311 3049 Deus,
338 2974 410 3032 tum
447 2987 520 3049 quae
554 2968 640 3032 hona
674 2969 831 3031 Ecclesiae
863 2969 1038 3048 attingunt

99 3050 248 3114 maxima
270 3055 303 3113 et
323 3050 538 3127 immortalia,
560 3052 633 3111 tum
667 3066 740 3129 quae
771 3049 948 3127 attingunt
978 3049 1039 3112 mi-

98 3149 184 3194 nora
205 3134 238 3193 et
259 3129 359 3210 hujus
380 3132 551 3209 temporis,
569 3139 756 3211 opportuna
776 3136 890 3192 tamen
911 3129 953 3191 ad
968 3129 1036 3192 illa.

99 3210 227 3292 Quippe
259 3211 334 3274 11111
363 3211 517 3290 precibus
544 3211 678 3352 pondus
709 3214 742 3272 et
772 3211 933 3288 gratiam,
960 3227 1039 3273 1116

98 3292 291 3371 plurimam,
316 3291 469 3372 precibus
500 3291 542 3354 ad
567 3292 591 3352 it
622 3289 814 3369 meritisque
848 3289 918 3351 suis
944 3289 1037 3352 01111-

101 3375 176 3438 stus
197 3373 367 3451 Dominus
388 3373 444 3453 qui
465 3374 590 3436 dilecti
613 3375 815 3449 Ecclesium,
833 3371 865 3432 et
886 3374 1038 3446 seipsum

130 3550 140 3584 ¹
157 3550 185 3603 S.
202 3551 327 3614 August.
344 3549 396 3614 Ep.
413 3550 466 3612 194,
484 3550 519 3600 al.
537 3550 590 3613 105,
608 3549 643 3600 ad
661 3548 783 3610 Sixtum,
801 3561 823 3598 c.
840 3547 863 3610 ὅ,
879 3561 906 3598 n.
923 3546 961 3598 19.
