2496 4172
621 242 801 304 -148-
874 215 878 218 ’

240 353 352 413 actum
373 352 433 423 est,
455 349 519 410 rite
539 353 719 430 sancteque
740 346 917 428 approbari
930 348 1095 429 oportuit.
1115 349 1179 411 Re·

242 447 321 492 vera
342 428 395 491 hic
415 429 450 490 in
471 428 559 492 Urbe
581 429 685 491 Roma
705 427 747 489 ab
769 429 809 490 iis
832 431 882 492 est
903 432 937 490 et
950 428 1092 508 suscepti
1107 446 1180 492 mu-

241 510 330 572 neris
351 509 436 572 ratio
457 508 595 586 reddita,
619 512 653 571 et
667 507 708 571 ad
724 508 950 571 accusationes
970 525 1179 587 responsum,

242 590 295 652 hic
316 588 358 651 ad
379 589 531 670 scpulcra
551 589 639 650 Petri
660 592 693 651 et
707 588 800 650 Pauli
813 588 848 651 in
863 588 961 651 fidem
982 588 1182 651 catholicam

238 671 402 750 juratum,
425 668 694 748 consecratioque
725 669 920 748 episcopalis
950 675 1087 748 accepta
1113 686 1182 730 una

241 768 317 813 cum
339 752 503 831 potestate
524 749 610 811 sacri
632 749 677 811 im
703 749 774 818 erit,
796 751 926 812 retento
941 749 1093 812 ordinum
1113 748 1182 812 dis-

240 829 398 907 crimine,
422 827 657 891 constituendi.
680 765 822 891 Remum
841 828 920 891 hinc
939 834 990 892 est
1009 846 1090 891 usus
1115 830 1179 891 sla·

241 911 350 971 vonici
371 909 531 972 sermonis
545 910 580 970 in
594 907 713 970 ritibus
734 908 950 972 sanctissimis
970 909 1178 987 impetratus,

241 993 342 1070 atque
363 990 427 1052 hoc
447 1006 536 1052 anno
557 988 723 1051 decimum
755 990 907 1069 expietur
937 988 1110 1060 seculum,
1139 1006 1182 1052 ex

241 1086 307 1148 quo
328 1070 477 1132 Ioannes
496 1069 577 1130 VIII
602 1069 636 1128 P.
659 1070 703 1130 M.
727 1069 768 1130 od
790 1071 1047 1149 Suentopoloum
1072 1070 1179 1132 Mora-

239 1149 305 1210 viae
325 1150 511 1229 principem
531 1151 579 1210 ita
594 1149 744 1229 scripsit:
767 1151 922 1212 Litteras
942 1154 1179 1212 slavonicas...

236 1234 361 1304 'onibus
384 1235 452 1293 Deo
476 1232 593 1292 tendes
615 1231 738 1292 aetite
758 1230 937 1303 resonant,
957 1234 1043 1305 jare
1059 1233 1178 1292 tanda

239 1326 330 1381 nens,
352 1313 385 1372 et
407 1316 446 1371 in
467 1313 586 1372 eadent
600 1307 720 1385 linono
749 1311 879 1371 crena
903 1314 1043 1372 Domini
1058 1312 1181 1372 Nostri

237 1396 419 1466 praeconia
441 1392 472 1453 et
495 1406 601 1466 opera
622 1390 662 1450 nt
684 1392 899 1452 enarrentur
913 1394 1088 1464 jacemus.
1113 1393 1181 1452 Nec

239 1486 337 1532 sance
371 1473 451 1542 fidei
486 1475 539 1533 oet
573 1471 743 1532 doctrina
778 1473 912 1544 alicuid
947 1471 1070 1547 obstat,
1109 1473 1180 1532 sine

241 1555 369 1612 missas
391 1555 428 1611 in
450 1553 568 1614 eadem
588 1555 767 1612 slavonica
791 1554 912 1626 linpna
933 1566 1075 1628 canere,
1107 1553 1178 1612 sine

240 1646 382 1692 sacrorn
404 1633 636 1709 neanpeiinrn
657 1634 710 1692 oei
733 1632 895 1692 lectiones
920 1631 1061 1692 divinas
1091 1633 1178 1692 Noai

241 1711 273 1772 et
304 1713 435 1774 Veteris
461 1711 669 1773 Testamenti
692 1712 772 1771 benc
795 1711 988 1772 translatas
1009 1711 1043 1771 ei
1069 1713 1180 1772 inter-

239 1791 400 1868 pretatas
424 1796 545 1867 tepere,
568 1791 602 1852 et
623 1794 696 1850 etia
717 1793 886 1851 nararinn
918 1792 1030 1864 anicia
1061 1793 1179 1852 omnia

237 1875 398 1947 psaltere.
421 1872 525 1944 Quam
547 1869 821 1930 consuetudinem
843 1869 966 1931 multas
987 1872 1062 1948 post
1091 1870 1180 1930 vices
1208 1889 1212 1900 ·

241 1951 351 2012 sanxit
381 1950 578 2012 Benedictus
609 1949 685 2009 XIV
719 1966 776 2029 per
806 1948 1006 2029 apostolicas
1034 1948 1179 2011 Litteras

241 2045 329 2091 anno
352 2047 497 2092 unoonrv
512 2028 563 2090 die
577 2046 647 2090 xxv
662 2028 808 2107 Augusti
827 2028 932 2091 datas.
948 2064 986 2075 -
1003 2028 1180 2091 Pontifices

241 2114 353 2170 autem
375 2109 525 2185 Romani,
543 2109 823 2202 ,quotiescumque
845 2125 941 2187 opem
962 2109 1073 2187 rogati
1103 2109 1181 2170 sunt

242 2206 262 2249 a
282 2189 488 2267 principibus
517 2206 608 2267 viris,
628 2189 688 2329 (put
708 2188 840 2268 populis
860 2192 1038 2268 praeessent
1068 2188 1183 2270 cyrilli

240 2267 464 2349 Methodiique
486 2285 627 2346 operas
670 2267 866 2331 christianos
900 2268 985 2330 ntus
1005 2266 1180 2346 traductis,
1245 2321 1246 2328 ,

241 2365 424 2428 numquam
446 2349 694 2424 commiserunt,
726 2351 766 2409 ut
796 2365 858 2410 sua
882 2347 1128 2411 desideraretur
1148 2347 1181 2408 in

241 2426 432 2507 adjuvando
452 2427 657 2507 benignitas,
679 2427 715 2489 in
744 2427 890 2491 docendo
921 2426 1126 2508 humanitas,
1148 2429 1181 2490 iu

240 2508 389 2571 consiliis
411 2507 529 2570 dandis
549 2507 793 2586 benevolentia,
826 2508 861 2570 tn
891 2507 991 2570 rebus
1013 2509 1178 2584 omnibus,

240 2588 504 2668 quibuscumque
526 2591 671 2668 possent,
694 2588 821 2651 eximin
841 2589 1009 2650 voluntas.
1034 2589 1108 2651 Prae
1128 2605 1180 2650 ce·
1244 2599 1245 2646 t

240 2669 323 2731 teris
343 2687 423 2732 vero
445 2669 622 2746 Rastilaus,
639 2667 886 2748 Suentopolcus‚
902 2666 1050 2742 Cocalus,
1066 2671 1183 2730 sancta

242 2748 421 2828 Ludmitla,
443 2749 583 2828 Bogoris
604 2748 773 2826 insignem
794 2748 1010 2811 Deoessorum
1045 2749 1181 2811 Nostro·
1243 2825 1244 2830 ἵ

240 2845 315 2889 rum
337 2829 505 2891 caritatem
529 2845 645 2908 prore
667 2831 700 2890 at
722 2831 871 2906 tempore
891 2827 1021 2909 experti
1041 2833 1135 2891 sunt.

280 2908 395 3001 Neque
416 2909 530 2988 cyrilli
551 2926 590 2970 ao
611 2907 770 2970 Methodii
792 2907 931 2970 interitu
952 2909 1104 2971 constitit
1125 2908 1182 2972 cut

241 2987 369 3050 remisit
389 2994 528 3066 paterna
550 2990 774 3050 Romanorum
798 2989 998 3050 Pontificum
1028 3005 1089 3068 pro
1115 2988 1182 3051 Sia

240 3067 349 3128 ronias
369 3066 502 3147 populis
522 3067 726 3145 sollicitud03
749 3066 805 3129 sed
826 3069 861 3130 tn
882 3067 1009 3130 tuenda
1022 3067 1113 3148 opud
1127 3083 1181 3130 eos

238 3147 415 3208 sanctitate
436 3146 612 3225 religionis
632 3147 861 3211 conservanda
883 3167 925 3210 ue
957 3147 1180 3228 prosperitate

238 3227 372 3304 publica
393 3244 524 3306 semper
543 3228 675 3290 enituit.
693 3230 825 3292 ¹Revera
845 3167 887 3290 ag
901 3229 1067 3306 Bulgaros
1080 3229 1179 3290 Nico·

238 3308 313 3369 laus
348 3309 361 3368 I
392 3306 579 3370 sacerdotes
613 3307 669 3386 qui
701 3310 862 3388 populum
892 3308 1117 3386 Instituerent,
1146 3308 1179 3368 et

238 3387 420 3468 Episcopcs
436 3387 724 3466 PopulonIensium
738 3394 771 3451 et
786 3388 1019 3451 portuensium
1032 3388 1073 3450 ab
1091 3387 1177 3450 Urbe

239 3466 342 3530 Roma
364 3467 468 3548 misit,
491 3467 547 3548 qui
569 3474 735 3531 recentem
756 3468 1012 3531 christianorum
1039 3469 1179 3531 societa-
