2576 4180
537 248 577 259 -·
596 215 655 276 201
678 247 718 258 ·-

150 326 224 385 tem
245 321 331 384 hanc
352 323 501 384 nostram
531 319 836 400 perturbationibus
858 324 891 382 11
913 319 1097 383 demolitio-

150 403 256 465 nibus
276 402 422 482 plenam,
444 404 535 462 recta
555 418 594 462 ac
616 399 729 479 rapide
750 401 786 461 in
806 417 902 462 suam
916 400 1098 479 perniciem

151 499 272 560 ruere3
295 497 334 542 ea
354 499 434 544 vero
454 484 607 559 tempora
637 479 772 560 optimis
802 481 987 560 institutis,
1018 479 1098 543 vitae

82 583 85 588 ·
151 561 412 642 tranquillitate,
444 560 565 640 opibus
593 565 626 622 et
659 561 878 639 prosperitate
919 579 957 624 eo
987 561 1098 638 magis

150 641 322 720 floruisse,
345 658 410 722 quo
432 640 586 704 Ecclesia
607 639 781 718 regiminis
813 657 852 702 ac
880 641 997 718 legum
1027 656 1098 702 sese

152 721 421 785 observantiores
441 720 554 802 populi
575 719 807 783 exhibuerunt.
840 721 933 796 Quod
963 719 992 783 si
1023 721 1097 800 plu-

151 803 244 864 rima
274 819 312 864 ea
343 818 417 881 quae
447 801 707 864 memoravimus
737 800 836 878 bona,
871 800 911 862 ab
943 800 1097 862 Ecclesia

150 880 342 944 ministerio
363 885 397 942 et
408 881 556 943 salutari
578 898 638 961 ope
658 879 818 960 proiecta,
842 898 922 943 vera
942 884 1022 943 sunt
1035 880 1096 943 hu-

151 960 330 1024 manitatis
351 961 460 1022 civilis
481 978 581 1040 opera
602 978 642 1022 ac
663 960 803 1036 decora,
835 965 968 1023 tantum
1004 960 1097 1022 abest

149 1045 195 1104 ut
217 1041 367 1102 Ecclesia
386 1041 507 1102 Christi
521 1040 563 1102 ab
575 1057 615 1102 ea
628 1039 806 1103 abhorreat
819 1058 936 1103 eamve
949 1045 1093 1120 respuat,

150 1124 195 1185 ut
218 1121 260 1183 ad
280 1138 353 1184 sese
375 1121 485 1199 potius
507 1119 633 1183 altricis
653 1121 824 1198 magistrat
845 1124 879 1183 et
893 1121 1010 1184 matris
1024 1120 1097 1200 ejus

151 1200 291 1265 laudem
313 1201 449 1264 omnino
470 1204 605 1263 censeat
625 1201 799 1280 pertinere.

198 1281 282 1356 Quin
303 1281 405 1343 immo
420 1281 504 1343 illud
517 1281 625 1343 civilis
639 1281 857 1344 humanitatis
871 1297 990 1358 genus,
1008 1279 1096 1360 quod

152 1360 284 1424 sanctis
305 1360 462 1423 Ecclesiae
488 1361 648 1423 doctrinis
668 1364 701 1422 et
721 1360 855 1439 legibus
886 1380 926 1425 ex
958 1360 1096 1422 adverso

149 1444 336 1522 repugnet,
358 1457 426 1502 non
448 1441 540 1503 aliud
561 1441 628 1502 nisi
648 1440 756 1504 civilis
770 1442 881 1505 cultus
895 1441 1095 1518 figmentum

149 1525 188 1584 et
211 1521 271 1584 abs
291 1538 326 1582 re
348 1536 471 1583 nomen
490 1520 590 1582 inane
610 1521 796 1600 putandum
827 1523 893 1583 est·
923 1520 1024 1599 GuJus
1048 1520 1095 1581 rei

147 1600 332 1664 manifesto
354 1607 434 1663 sunt
454 1604 654 1676 argumento
675 1602 790 1680 populi
810 1601 871 1676 illi,
889 1601 980 1680 queis
995 1617 1093 1662 evan-

148 1681 265 1762 gelica
285 1683 346 1744 lux
367 1697 434 1743 non
456 1679 594 1755 affulsit,
618 1697 760 1760 quorum
774 1681 809 1742 in
826 1681 895 1742 vita
910 1679 1006 1742 fucus
1021 1680 1092 1759 qui-

149 1765 232 1824 dam
253 1760 460 1823 humanioris
481 1761 590 1823 cultus
612 1762 757 1838 conspici
780 1761 897 1840 potuit,
923 1765 959 1822 at
988 1759 1095 1822 solida

149 1845 188 1904 et
210 1857 289 1904 vera
309 1840 384 1919 ejus
404 1841 491 1903 bona
513 1857 580 1903 non
600 1840 793 1918 vig-uerunt.
827 1839 1094 1921 Haudquaquam

150 1938 236 1984 sane
256 1921 366 1984 civilis
387 1921 466 1982 vitae
497 1920 654 2002 perfectio
686 1932 731 1982 ea
756 1921 908 1984 ducenda
938 1924 999 2000 est,
1028 1937 1094 2001 qua

148 2001 307 2078 legitima
327 2018 468 2082 quasque
497 2003 645 2080 potestas
674 2000 832 2063 audacter
853 2001 1093 2072 contemnitur;

148 2097 262 2161 neque
284 2099 322 2144 ea
344 2081 478 2144 libertas
500 2079 696 2162 reputanda,
720 2098 793 2160 quae
814 2081 930 2143 effreni
945 2098 1095 2144 errorum

175 2160 409 2240 repagatione,
432 2161 546 2242 pravis
568 2160 806 2240 cupiditatibus
827 2161 929 2223 libere
957 2162 1094 2240 explen-

148 2179 216 2317 gis,
229 2242 439 2321 impunitate
460 2238 668 2320 flagitiorum
698 2244 732 2303 et
754 2240 928 2322 scelerum,
961 2257 1094 2321 oppres-

149 2321 248 2384 sione
268 2321 472 2400 optimorum
493 2319 618 2383 civium
640 2320 801 2401 cujusque
822 2321 959 2397 ordinis,
988 2323 1094 2402 turpi-

149 2404 205 2463 ter
225 2403 258 2463 et
277 2401 397 2463 misere
418 2404 603 2480 grassatur.
627 2400 709 2463 (lum
729 2401 819 2463 enim
839 2418 976 2464 erronea
989 2417 1093 2480 prava

149 2485 188 2542 et
207 2481 333 2544 absona
352 2480 423 2543 haec
444 2481 521 2554 sint,
538 2498 605 2544 non
620 2499 693 2543 eam
706 2482 774 2543 vim
789 2481 936 2560 profecto
957 2481 1090 2561 habent,

147 2563 193 2622 ut
212 2561 394 2623 humanam
416 2560 578 2623 familiam
599 2560 775 2640 perficiant
806 2567 839 2623 11
873 2560 1092 2641 prosperitate

149 2639 337 2719 fortunent,
354 2646 499 2704 miseros
511 2642 601 2704 enim
613 2643 697 2716 facti
708 2647 853 2718 populos
865 2641 1092 2721 peccatum1;

149 2719 211 2783 sed
232 2721 367 2783 omnino
398 2738 531 2784 necesse
553 2724 614 2798 est,
637 2725 676 2786 ut
695 2720 862 2784 mentibus
884 2725 916 2783 et
938 2720 1094 2784 cordibus

151 2801 330 2881 corruptis
353 2801 428 2879 ipsa
448 2799 484 2862 in
506 2818 638 2864 omnem
658 2802 767 2864 labem
789 2801 933 2882 pondere
953 2819 1013 2863 suo
1036 2818 1094 2881 po·

147 2881 249 3021 pulos
271 2879 464 2956 detrudant,
488 2884 616 2943 rectum
632 2898 803 2962 „quemque
824 2881 973 2944 ordinem
1002 2882 1093 2945 labe·

163 2963 414 3041 ostentatque
436 2961 484 3022 ita
505 2961 694 3040 reipublicae
715 2961 939 3024 conditionem
952 2964 986 3024 et
1000 2966 1091 3025 tran·

148 3039 352 3120 quillitatem
367 3040 474 3103 serius
489 3041 582 3103 ocius
593 3040 635 3103 ad
649 3042 805 3104 ultimum
826 3041 967 3104 exitium
987 3042 1091 3106 addu-

151 3124 244 3181 cant.

191 3199 275 3275 Quid
298 3202 425 3277 autem,
447 3201 473 3261 si
495 3200 634 3263 Romani
655 3201 873 3265 Pontificatus
894 3220 994 3282 opera
1022 3219 1093 3280 spe·

146 3281 295 3359 cientur,
318 3279 468 3360 iniquius
488 3297 558 3343 esse
579 3285 699 3363 potest,
717 3299 816 3361 quam
832 3283 972 3346 inficiari
987 3301 1092 3364 quan·

179 3445 190 3480 ¹
207 3445 293 3499 Prov.
309 3461 368 3511 xrv,
384 3447 423 3500 24.
