2554 4182
443 243 564 306 -289
587 279 625 288 -

62 350 235 431 proprium
267 357 317 414 est
350 368 483 413 munus.
520 384 559 395 -
587 351 684 413 Nunc
714 369 791 414 vero
822 352 850 415 si
892 353 1009 417 civita-

63 441 154 510 tem,
189 431 227 493 in
262 448 329 511 qua
363 430 441 492 editi
475 432 684 512 susceptique
715 431 750 493 in
766 495 770 503 ,
784 433 870 495 hanc
901 435 1011 499 lucem

62 529 202 589 sumus,
232 511 400 591 praecipue
422 509 562 589 diligere
583 512 737 593 tuerique
755 509 913 591 jubemur
934 516 1011 595 lege

62 597 194 654 naturae
216 608 321 672 usque
342 608 391 668 eo,
414 594 455 653 ut
474 592 558 653 civis
578 591 686 655 bonus
707 592 760 654 vel
780 598 922 656 mortem
951 613 1010 675 pro

62 673 174 753 patria
195 675 349 752 oppetere
371 688 438 733 non
460 670 599 750 dubitet,
621 671 767 735 officium
789 678 839 736 est
860 673 1012 739 christia·

9 759 10 800 ³
65 768 187 815 norum
207 753 310 830 longe
330 750 439 831 majus
460 750 559 813 simili
582 752 680 815 modo
693 770 765 815 esse
779 753 815 815 in
829 754 1012 818 Ecclesiam

66 849 195 913 semper
228 831 375 896 affectos.
400 833 459 894 Est
480 831 568 896 enim
589 833 735 895 Ecclesia
754 833 876 896 civitas
897 842 1013 898 sancta

67 912 123 975 Dei
156 912 322 987 viventis,
347 913 412 974 Deo
443 912 514 991 ipso
545 915 646 993 nata,
670 914 851 994 eodemque
879 921 1014 979 auctore

68 993 271 1056 constituta:
285 1009 358 1085 quae
373 991 610 1072 peregrinatur
631 992 766 1074 quidem
781 994 816 1055 in
830 995 942 1074 terris,
957 995 1014 1058 sed

67 1089 191 1136 vocans
217 1073 367 1136 hommes
397 1076 432 1133 et
460 1072 615 1135 erudiens
642 1077 742 1154 atque
774 1072 940 1138 deducens
965 1075 1008 1138 ad

68 1153 304 1232 sempiternam
324 1152 359 1214 in
380 1152 470 1213 oaelis
495 1152 701 1217 felicitatem.
725 1153 920 1217 Adamanda
951 1156 1015 1234 igi·

70 1238 123 1296 tur
143 1232 254 1312 patria
269 1236 329 1311 est,
353 1231 442 1295 unde
463 1233 541 1294 vitae
560 1234 713 1296 mortalis
733 1252 872 1298 usuram
886 1237 1016 1318 accepi·

70 1330 159 1376 mus:
183 1312 242 1376 sed
262 1329 395 1376 necesse
417 1316 467 1375 est
488 1312 626 1376 caritate
647 1314 831 1377 Ecclesiam
845 1320 1014 1396 praestare,

70 1393 122 1456 cui
155 1393 260 1454 vitam
291 1392 413 1457 animae
438 1391 594 1457 debemus
614 1398 774 1474 perpetuo
795 1411 1012 1459 mansuram:

71 1473 146 1554 quia
166 1473 256 1536 bona
277 1473 379 1535 animi
398 1475 545 1552 corporis
564 1473 661 1536 bonis
686 1479 815 1537 rectum
843 1479 894 1538 est
924 1482 1021 1539 ante·

70 1569 203 1632 ponere,
227 1553 409 1634 multoque,
434 1569 535 1632 quam
555 1571 638 1631 erga
658 1554 819 1634 homines,
835 1559 914 1618 sunt
933 1573 1017 1634 erga

70 1634 176 1696 Deum
197 1632 306 1695 officia
326 1633 504 1696 sanctiora.
532 1669 567 1678 -
592 1634 757 1714 ueterum,
784 1650 862 1697 vere
883 1637 913 1698 si
930 1635 1018 1715 judi-

71 1731 142 1776 care
163 1714 342 1789 volumus,
365 1713 630 1792 supernaturalis
650 1731 743 1778 amor
768 1715 923 1778 Ecclesia}
954 1732 1014 1794 pa·

71 1796 208 1874 triaeque
229 1793 351 1855 caritas
370 1793 546 1867 naturalis
569 1794 714 1872 gemina
735 1794 877 1858 suntab
900 1794 1016 1858 eodem

72 1874 273 1954 sempiterno
294 1873 456 1953 principio
477 1873 635 1953 proiecta
655 1874 833 1952 caritates,
857 1875 1018 1955 cumipse

73 1955 114 2016 sit
134 1954 311 2034 utriusque
332 1959 448 2016 auctor
469 1957 502 2015 et
523 1971 641 2017 caussa
662 1954 767 2017 Deus:
791 1972 833 2018 ex
855 1973 919 2036 quo
940 1972 1019 2018 con·

74 2032 236 2114 sequitur,
259 2051 327 2096 non
340 2049 437 2113 posse
457 2034 600 2096 alterum
616 2033 760 2097 officium
774 2052 928 2115 pugnare
942 2053 1019 2098 cum

73 2116 188 2178 altero.
212 2114 334 2194 Utique
366 2117 545 2193 utrumque
572 2130 749 2193 possumus
774 2118 806 2177 et
837 2115 1016 2195 debemus,

74 2195 215 2272 diligere
236 2193 477 2275 nosmetipsos,
500 2194 733 2258 benevolentes
754 2212 824 2258 esse
849 2213 925 2259 cum
945 2213 1019 2276 pro-

74 2275 194 2350 ximis,
229 2289 343 2337 amare
376 2274 615 2353 rempublicam
647 2279 845 2355 potestatem
869 2294 911 2339 ue
946 2293 1020 2368 quae

74 2354 263 2435 reipublicae
291 2353 420 2434 praesit:
454 2355 634 2434 eodemque
661 2359 809 2437 tempore
865 2357 1017 2419 cclesram

10 2483 11 2490 t
72 2436 180 2498 colere
201 2433 253 2496 uti
267 2439 449 2514 parentem,
473 2437 507 2496 et
526 2434 684 2512 maxima,
706 2453 772 2517 qua
794 2436 866 2498 fieri
894 2439 1016 2515 potest,

10 2541 11 2586 ;
74 2516 212 2578 caritate
233 2513 411 2592 complecti
439 2516 554 2577 Deum.
585 2549 623 2560 -
644 2514 868 2579 Nihilominus
898 2516 1019 2578 horum

10 2601 11 2680 ζ
74 2594 259 2657 officiorum
290 2592 391 2674 ordo,
425 2595 479 2657 vel
510 2594 702 2658 calamitate
733 2598 941 2737 tensorum,
965 2595 1020 2657 vel

10 2703 11 2754 p
73 2674 238 2756 iniquiore
259 2673 433 2758 hominum
454 2675 638 2745 voluntate,
662 2676 797 2756 aliquan

10 2755 11 2822 3
74 2759 137 2817 tur.
162 2755 330 2817 Nimirum
350 2753 503 2817 incidunt
524 2771 661 2832 caussae,
678 2773 754 2818 cum
775 2755 844 2818 aliu
889 2754 1021 2817 videtur

10 2905 11 2914 ἢ
75 2852 94 2895 a
123 2834 258 2897 civibus
286 2834 496 2914 respublica,
519 2834 612 2898 aliud
643 2852 663 2896 a
690 2835 881 2898 christianis
902 2835 1023 2914 religio

822 2692 841 2738 o
884 2674 1021 2737 erverti-

74 2915 260 2994 postulare:
285 2912 385 2993 idque
406 2930 473 2977 non
495 2914 561 2977 alia
585 2932 666 2978 sane
695 2915 735 2977 de
755 2933 897 2995 caussa,
921 2932 1023 2996 quam

76 2995 163 3074 quod
180 2997 326 3057 rectores
348 2994 537 3074 reipublicae
557 3012 687 3058 sacram
708 2995 865 3058 Ecclesiae
878 2998 1025 3076 potesta·

75 3079 141 3138 tem
163 3078 223 3137 aut
244 3074 327 3137 nihil
348 3074 442 3154 pensi
463 3075 609 3155 habent,
632 3077 691 3138 aut
711 3075 775 3137 sibi
803 3076 923 3138 volunt
954 3092 1025 3138 esse

75 3155 276 3234 subjectam.
297 3155 384 3217 Hinc
415 3158 449 3217 et
479 3160 649 3219 certamen
671 3156 804 3235 existit,
828 3160 862 3218 et
893 3156 1024 3234 pericli-

10 3269 11 3272 =
76 3235 187 3298 tandae
208 3234 328 3297 virtuti
349 3235 384 3298 in
405 3237 585 3298 certamine
605 3236 709 3298 locus.
734 3235 843 3314 Urget
863 3235 951 3298 enim
965 3252 1023 3315 po·

77 3319 179 3378 testas
202 3314 344 3395 duplex:
368 3315 488 3396 quibus
510 3315 678 3379 contraria
688 3315 883 3395 jubentibus
898 3315 1024 3378 obtem-

77 3395 186 3474 perari
217 3396 318 3458 simul
349 3396 498 3475 utrisque
525 3413 592 3458 non
626 3398 751 3476 potest:
785 3401 890 3460 Nemo
910 3396 1023 3472 potest

139 3492 230 3558 Epist.
247 3491 359 3559 Encycl.
379 3491 477 3544 Leonis
495 3493 550 3548 ΡΡ.
567 3493 648 3544 XIII
931 3491 962 3541 19
