2554 4182
618 289 798 350 —358-

232 396 276 456 At
307 395 394 457 illud
426 413 505 458 vero
539 395 660 457 auxilii
691 412 758 476 non
784 394 898 458 deerat
926 396 1014 476 quod
1034 397 1182 477 precatio

232 479 347 539 sancta
370 494 390 536 a
412 475 478 538 Deo
500 476 669 539 conciliat:
693 475 818 538 scilicet
839 476 999 552 Ecclesia,
1022 476 1109 557 quod
1131 477 1182 540 di·

232 556 312 618 vina
334 557 437 618 refert
458 555 611 635 historie,
628 556 892 636 impensissimas
912 574 973 636 pro
988 557 1045 620 illo
1066 574 1181 637 preces

230 635 401 700 fundebat:
421 638 541 700 Oratio
565 638 683 700 ontetn
706 638 809 710 teoni
824 642 900 700 sinc
916 638 1182 702 intermissione

231 722 273 780 ob
298 721 456 780 Ecclesia
478 723 522 780 co
546 723 653 780 Denrn
671 718 836 794 pnoe01:
859 713 1050 799 agebatque
1064 735 1179 781 omnes

231 815 269 863 eo
300 796 469 860 ardentius
503 797 658 876 precandi
690 797 849 874 studium,
873 815 938 878 quo
960 799 1069 861 acrior
1090 815 1178 862 aeru-

229 895 317 940 muae
337 881 440 940 tantae
460 877 650 941 sollicitudo
672 877 853 940 mordebat.
878 879 921 940 Ut
944 895 1022 942 vero
1047 881 1179 941 oranti-

229 958 296 1021 bus⁴
314 961 392 1022 vota
413 960 653 1036 successerint,
676 961 844 1038 comperta
865 975 918 1020 res
939 963 1011 1023 est:
1035 959 1176 1023 Petrum

230 1038 367 1102 mirifice
401 1039 580 1102 liberatum
618 1038 817 1101 christianus
855 1040 998 1119 populus
1032 1042 1174 1103 memori

230 1136 359 1199 semper
389 1119 505 1181 laetitia
536 1119 756 1182 concelebrat.
783 1153 819 1164 -
852 1119 1026 1198 insignius
1057 1124 1174 1185 autem

229 1201 421 1280 exemplum
452 1198 670 1279 divinumque
701 1199 804 1262 edidit
836 1199 995 1275 Christus,
1020 1217 1085 1280 quo
1106 1201 1172 1263 Ec-

229 1280 367 1342 clesiam
387 1295 492 1355 suam,
510 1297 576 1342 non
598 1281 706 1343 solum
727 1280 1047 1360 praeoptaverunt
1068 1281 1173 1348 etiam

230 1359 322 1422 dese
342 1361 414 1440 ipse
435 1357 477 1421 ad
499 1376 631 1423 omnem
652 1358 800 1423 erudiret
822 1365 855 1421 et
875 1359 1036 1422 formaret
1049 1362 1173 1423 sancti·

229 1442 344 1502 tatem.
369 1440 430 1515 Qui
452 1457 597 1521 namque
618 1442 653 1502 in
675 1441 764 1503 omni
780 1440 849 1501 vita
870 1445 939 1502 tam
961 1440 1176 1520 frequentem

230 1524 264 1582 et
284 1520 425 1584 effusam
447 1521 610 1600 precando
633 1538 769 1601 operam
790 1520 938 1595 dederat,
951 1521 1093 1600 ipsemet
1108 1523 1174 1586 suh

229 1600 329 1664 horas
349 1604 524 1680 extremas,
548 1619 651 1683 quum
672 1602 708 1663 in
729 1602 943 1663 Gethsemani
965 1601 1075 1678 horto,
1098 1619 1177 1682 per-

228 1681 303 1744 fuso
335 1683 496 1744 immensa
525 1682 677 1744 amaritie
708 1683 843 1761 animo,
872 1681 1094 1759 oblaugueret
1128 1682 1172 1745 ad

229 1766 382 1841 mortem,
404 1766 475 1824 tum
499 1780 575 1825 vero
597 1764 740 1842 Patrem,
756 1780 824 1824 non
845 1761 963 1824 orabat
986 1761 1094 1840 mode,
1112 1762 1174 1825 sed

225 1847 405 1920 pretiosius
426 1845 550 1904 ornent
570 1844 593 1904 2.
617 1843 731 1924 Neque
760 1839 822 1904 sihi
846 1842 996 1922 protecto
1020 1842 1055 1905 id
1082 1842 1175 1923 tecit,

229 1921 314 1985 nihil
335 1922 467 1985 timenti
489 1923 573 1985 nihil
594 1923 720 2002 egenti,
743 1923 832 2002 De0;
865 1921 922 1985 sed
952 1922 1032 1984 tecit
1063 1923 1175 2002 nohis,

228 2003 308 2065 fecit
329 2003 483 2066 Ecclesiae
504 2021 590 2084 suae;
613 2003 709 2083 cujus
731 2002 863 2065 suturas
883 2020 997 2082 preces
1019 2007 1053 2064 et
1076 2003 1177 2066 lacri-

228 2100 303 2144 mas
318 2083 390 2161 jam
411 2089 483 2144 tum
504 2083 610 2146 libens
631 2084 811 2164 volensque
832 2084 867 2145 in
888 2101 923 2144 se
944 2082 1109 2164 recipiens
1126 2083 1175 2146 fe·

229 2161 356 2224 cundas
378 2163 498 2240 gratiae
519 2163 694 2226 efficiebat.
1058 2230 1062 2236 ,

269 2241 333 2304 Ubi
364 2260 442 2304 vero
473 2261 530 2322 per
553 2243 753 2324 mysterium
773 2243 885 2306 Crucis
908 2243 1044 2320 generis
1066 2246 1175 2307 nostri

190 2339 194 2348 ’
228 2323 321 2384 salus
343 2325 497 2401 peracta,
520 2329 621 2405 atque
647 2323 797 2403 ejusdem
819 2323 1018 2386 administra
1039 2324 1172 2404 salutis,

228 2403 388 2481 Ecclesia,
411 2403 637 2483 triumphante
667 2405 819 2484 Christo,
842 2403 978 2466 condita
1010 2405 1045 2465 in
1076 2406 1177 2468 terris

229 2482 358 2564 riteque
383 2483 650 2564 constituisset,
672 2502 781 2547 novus
813 2501 856 2546 ex
889 2501 927 2547 eo
961 2488 1108 2563 tempore
1140 2485 1174 2547 in

228 2565 390 2645 populum
411 2582 536 2628 novum
558 2564 639 2628 ordo
660 2565 866 2645 providentis
889 2565 946 2626 Dei
967 2565 1093 2646 incepit
1113 2581 1177 2626 va-

227 2644 369 2725 luitque.
396 2679 433 2692 —
454 2645 575 2708 Divina
603 2645 745 2709 consilia
776 2644 914 2707 addecet
945 2661 1176 2723 magnacum

228 2725 390 2805 religione
412 2725 545 2789 intueri.
569 2726 672 2788 Filius
703 2725 763 2788 Dei
794 2728 959 2802 aeternus,
984 2742 1108 2806 quum,
1132 2724 1182 2786 ad·

228 2804 373 2867 hominis
395 2805 651 2887 redemptionem
674 2809 706 2868 et
721 2806 831 2884 decus,
849 2804 994 2868 hominis
1016 2809 1176 2867 naturam

229 2886 332 2947 vellet
353 2885 532 2964 suscipere,
550 2902 655 2967 eaque
669 2903 705 2948 re
719 2887 900 2968 mysticum
915 2885 1081 2966 quoddam
1095 2903 1178 2948 cum

228 2965 384 3027 universo
399 2963 546 3029 humano
560 2984 684 3043 genere
698 2967 845 3028 initurus
860 2970 945 3028 esset
957 2966 1177 3038 connubium,

229 3061 297 3106 non
318 3043 350 3105 id
375 3049 451 3106 ante
472 3046 610 3124 perfecit
631 3065 731 3128 quam
750 3047 917 3110 liberrima
932 3046 1107 3109 consensio
1122 3063 1177 3108 ac·

228 3124 383 3186 cessisset
405 3124 588 3204 designatae
608 3128 736 3206 Matris,
753 3144 827 3208 quae
848 3127 953 3208 ipsius
967 3125 1100 3204 generis
1114 3125 1180 3188 hu-

230 3205 322 3266 mani
343 3222 520 3284 personam
543 3207 787 3288 quodammodo
808 3206 942 3285 agebat,
965 3205 1008 3269 ad
1028 3223 1105 3270 eum
1133 3207 1178 3269 il-

229 3283 370 3348 lustrem
392 3286 665 3367 verissimamque
686 3288 861 3368 Aquinatis
876 3286 1089 3350 sententiam:
1108 3288 1180 3350 Per

228 3367 536 3430 annuntiationem
565 3371 817 3446 enpectoootnn
844 3384 1031 3431 consensus
1060 3371 1180 3445 Vinct-

213 3594 215 3600 ,
261 3541 271 3574 ¹
288 3542 354 3594 Act.
371 3558 421 3607 xrr,
438 3543 462 3594 5.
732 3544 743 3578 ²
759 3544 828 3596 Luc.
846 3560 915 3607 xpm,
933 3544 973 3600 43.
