2554 4182
552 237 780 314 2356-

217 343 323 407 modis
351 344 546 406 obtrectatio
577 344 750 424 instructa,
774 343 902 407 invidia
932 345 1098 425 conflata,
1123 337 1160 409 in'

216 425 390 505 ipsumque
417 424 583 486 Christum
614 426 730 502 Deum,
754 442 813 506 per
833 425 1161 506 impudentissimam

219 504 394 566 audaciam
409 509 441 568 et
455 505 621 567 nefarium
635 506 753 582 scelus,
768 506 912 586 impetus
927 505 1047 586 iactus,
1062 507 1160 588 quasi

217 585 411 648 conantium
432 585 666 664 redemptionis
686 585 760 664 ejus
780 585 929 648 divinum
952 605 1047 666 opus
1091 588 1160 650 uod

217 683 402 746 numquam
423 667 473 728 vis
496 667 564 728 ulla
578 666 674 728 tollat
695 671 728 728 et
743 667 862 744 deleat,
878 668 992 729 tollere
1006 606 1160 731 funditus

217 749 251 807 et
266 747 385 808 delere.
403 779 442 792 -
464 747 532 809 Ista
553 745 687 826 quidem
708 746 797 809 haud
819 764 906 810 nova
927 748 1082 810 accidunt
1098 749 1161 810 mi-

217 825 329 890 litanti
352 827 517 890 Ecclesiae:
534 844 620 907 quae,
636 831 861 906 pramonente
882 828 1050 907 apostolos
1062 829 1157 910 Jesu,

216 909 256 968 ut
276 906 426 969 homines
446 907 621 969 veritatem
644 908 779 970 edoceat
810 912 910 988 atque
940 907 983 970 ad
1015 909 1160 972 salutem

217 987 379 1066 provehat
400 988 646 1067 sempiternam,
669 988 705 1049 in
726 988 830 1051 aciem
852 987 998 1068 quotidie
1019 989 1157 1052 dimica-

215 1068 407 1148 tionemque
428 1068 542 1131 venire
563 1068 671 1148 debet;
692 1085 832 1210 quaeque
850 1085 968 1150 reapse
981 1086 1040 1147 per
1054 1087 1160 1134 saecu-

216 1149 326 1210 lorum
346 1151 474 1209 tractus
496 1149 645 1210 animosa
676 1165 695 1209 a
740 1149 939 1230 martyrium
972 1149 1159 1230 depugnat,

216 1229 310 1289 nulla
342 1245 378 1290 re
409 1228 522 1290 laetata
552 1231 586 1290 et
616 1229 762 1306 gloriata
793 1230 913 1308 magis,
937 1247 1038 1310 quam
1069 1231 1161 1310 quod

216 1324 315 1370 suum
338 1310 439 1388 possit
470 1326 548 1370 cum
577 1310 730 1371 Auctoris
761 1309 815 1374 sui
846 1311 1010 1386 sanguine
1041 1329 1158 1374 conse·

216 1405 322 1465 crare,
344 1388 379 1450 in
402 1406 466 1469 quo
488 1389 552 1452 sibi
573 1393 743 1468 promissae
765 1390 911 1452 victoria
939 1407 1014 1470 spes
1042 1393 1160 1472 explo-

215 1468 386 1530 ratissima
406 1471 606 1532 continetur.
622 1504 658 1514 -—
674 1471 786 1550 Neque
807 1474 918 1533 tamen
932 1470 1157 1551 diffitendum,

217 1555 317 1627 quam
348 1550 447 1626 gravi
478 1550 613 1612 tristitia
644 1551 807 1630 optimum
839 1568 1002 1631 quemque
1033 1552 1159 1616 afficiat

215 1627 287 1691 haec
309 1629 440 1692 assidua
454 1629 631 1692 dimicandi
647 1632 826 1694 contentio.
844 1632 978 1710 Magnae
997 1632 1158 1698 nimirum

215 1710 361 1772 tristitiae
381 1728 509 1781 caussa,
533 1716 602 1772 tam
624 1727 695 1773 esse
717 1712 851 1789 multos,
868 1729 951 1792 quos
972 1713 1159 1790 'pravitates

216 1805 366 1852 errorum
387 1791 474 1854 etin
496 1791 600 1853 Deum
623 1793 790 1871 protervia
810 1793 912 1869 longe
932 1791 1101 1855 abducant
1123 1813 1158 1856 a·

215 1875 365 1950 gantque
386 1872 590 1951 praecipites;
614 1875 683 1934 tam
706 1873 840 1950 multos,
863 1872 920 1952 qui
948 1872 991 1935 ad
1012 1875 1158 1953 quamli·
1200 1891 1215 1904 ‘

213 1948 271 2011 bet
292 1951 464 2030 religionis
485 1951 626 2014 formam
648 1970 682 2015 se
703 1969 797 2032 aeque
818 1952 987 2032 babentes,
1005 1953 1157 2018 divinam

211 2029 351 2110 jamjam
373 2049 493 2094 exuere
513 2031 612 2094 fidem
634 2033 821 2110 videantur;
845 2049 952 2114 neque
966 2033 1015 2096 ita
1029 2050 1157 2113 paucos

215 2126 286 2172 esse
308 2110 460 2174 homines
487 2113 679 2192 catholicos,
703 2113 759 2192 qui
790 2113 988 2190 religionem
1019 2116 1156 2178 nomine

213 2192 313 2252 tenus
333 2192 508 2269 retineant,
531 2210 599 2255 non
628 2211 664 2256 re
687 2193 869 2274 debitisque
890 2196 1002 2257 colant
1023 2194 1153 2259 officiis.

215 2268 254 2331 Id
275 2274 435 2350 praeterea
455 2274 561 2335 multo
585 2272 726 2352 'gravius
756 2275 852 2352 angit
883 2279 916 2336 et
948 2279 1049 2336 vexat
1080 2277 1155 2338 ani-

214 2367 318 2428 mum,
342 2357 507 2433 reputare,
530 2359 599 2415 tam
630 2355 816 2416 luctuosam
849 2355 1013 2417 malorum
1044 2357 1156 2434 perni-

214 2431 296 2494 ciem
327 2432 402 2496 iude
432 2433 643 2514 potissimum
674 2439 792 2513 ortam,
817 2433 904 2514 quod
932 2437 967 2496 in
987 2437 1155 2514 tempera·

214 2510 304 2575 tione
321 2512 502 2590 civitatum
524 2516 576 2576 vel
597 2515 689 2577 nullo
716 2514 787 2594 jam
810 2515 880 2577 loco
902 2515 1049 2578 Ecclesia
1080 2533 1157 2579 cen-

214 2597 316 2671 setur,
341 2595 395 2657 vel
415 2595 640 2658 saluberrimae
662 2594 779 2657 virtuti
809 2594 882 2674 ejus
914 2594 1024 2657 dedita
1055 2612 1157 2676 opera

214 2678 436 2753 repugnatur;
460 2693 525 2756 qua
547 2677 582 2737 in
603 2692 638 2736 re
659 2677 798 2757 apparet
818 2675 944 2753 magna
965 2675 1098 2756 quidem
1120 2679 1158 2739 et

210 2752 304 2832 justa
326 2755 465 2818 vindicis
487 2754 544 2818 Dei
566 2755 821 2828 animadversio,
845 2756 901 2836 qui
922 2755 1114 2819 recedentes
1137 2775 1160 2820 a·

213 2850 248 2894 se
283 2835 434 2898 nationes
469 2837 653 2899 miserrima
688 2836 850 2899 mentium
885 2835 1034 2898 caecitate
1064 2837 1158 2900 sinat

214 2912 400 2976 hebescere.
1020 2977 1023 2986 ,

254 2994 459 3074 Quapropter
478 3013 531 3058 res
551 2996 623 3074 ipsa
636 2997 768 3067 clamat,
785 2995 1015 3059 vehementius
1029 2998 1159 3060 clamat

214 3071 249 3134 in
271 3073 352 3153 dies,
369 3093 499 3138 necesse
521 3077 654 3138 omnino
676 3077 856 3140 catholicos
877 3077 1027 3140 homines
1050 3078 1159 3156 preci-

213 3152 275 3216 bus
297 3152 339 3215 ad
360 3155 465 3218 Deum
488 3161 520 3217 et
542 3156 819 3220 obsecrationibus
841 3157 890 3219 uti
906 3159 1033 3219 alacres
1047 3175 1160 3237 perse-

213 3241 379 3314 verantes,
402 3240 477 3298 aiae
498 3240 758 3301 intermissione
780 3240 811 3298 ¹:
841 3237 941 3317 idque
967 3255 1034 3300 non
1063 3239 1159 3318 apud

214 3330 248 3376 se
270 3316 409 3396 quisque
431 3320 584 3396 tantum,
607 3317 664 3380 sed
686 3336 723 3380 eo
744 3318 857 3396 magis
877 3317 1007 3398 publice
1027 3318 1159 3382 faciant

245 3495 254 3528 ¹
272 3495 286 3545 I
302 3493 400 3546 Thess.
417 3509 443 3552 v.
460 3494 498 3544 17.
