2576 4180
283 479 285 488 ¹
385 477 661 598 arrarum
692 479 1010 600 arctoum

330 729 375 790 IN
397 729 695 804 Ponrtntonnns
716 730 914 793 EXORDIIS
937 733 1063 796 EDITA

525 1237 624 1316 LEO
653 1240 733 1315 ΡΡ.
766 1240 870 1317 ΧΙΙΙ.

325 1609 475 1658 SALUTEM
496 1611 537 1656 ET
558 1611 782 1657 APOSTOLIOAM
807 1611 1074 1658 BENEDIOTIONEM

269 1799 483 1862 Inscrutabili
506 1799 564 1862 Dei
585 1799 722 1862 consilio
754 1799 796 1860 ad
828 1799 1027 1878 Apostolicae
1058 1799 1175 1877 digni·

228 1881 308 1942 tatis
329 1878 506 1958 fastigium
528 1879 605 1941 licet
619 1879 832 1941 immerentes
848 1881 962 1956 evecti,
979 1879 1173 1944 vehementi

229 1960 343 2021 statim
365 1959 523 2023 desiderio
545 1977 584 2020 ac
605 1959 711 2021 veluti
732 1959 932 2022 necessitate
952 1959 1067 2038 urgeri
1101 1961 1173 2024 Nos

229 2040 406 2116 sensimus,
430 2039 497 2100 Vos
518 2038 638 2100 litteris
670 2038 872 2118 alloquendi,
905 2057 971 2102 non
1002 2039 1100 2103 modo
1133 2045 1171 2103 ut

228 2136 345 2181 sensns
364 2117 494 2180 intimae
516 2117 703 2189 dilectionis
725 2121 853 2181 Nostrae
874 2119 975 2182 Vobis
996 2136 1171 2199 exprome·

228 2215 352 2277 remus,
375 2197 432 2260 sed
454 2198 554 2261 etiarn
576 2203 614 2260 ut
635 2199 702 2262 Vos
722 2198 757 2260 in
779 2204 907 2278 partem
936 2198 1173 2264 sollicitudinis

228 2279 357 2342 Nostrae
377 2281 524 2354 vocatos,
548 2279 590 2340 ad
605 2278 833 2342 sustinendam
852 2278 1032 2343 Nobiscum
1046 2279 1170 2344 horum

227 2362 415 2438 temporum
437 2357 683 2422 dimicationem
704 2375 763 2438 pro
787 2360 932 2422 Ecclesia
952 2360 1011 2427 Dei
1043 2365 1077 2420 et
1108 2378 1170 2440 pro

228 2439 336 2501 salute
356 2439 555 2517 animarum,
579 2456 622 2501 ex
643 2455 779 2502 munere
800 2439 904 2502 Nobis
925 2438 1087 2501 divinitus
1100 2457 1173 2503 cre

229 2518 296 2581 dito
318 2518 602 2582 confirmaremus.

269 2599 318 2662 Ab
340 2598 421 2680 ipsis
442 2600 530 2662 enim
551 2598 665 2662 Nostri
686 2598 905 2662 Pontificatus
936 2598 1082 2661 exordiis
1110 2600 1173 2660 tri·

228 2679 287 2742 stis
309 2680 411 2742 Nobis
432 2697 502 2742 sese
524 2677 622 2742 offert
643 2683 839 2759 conspectus
860 2679 1025 2742 malorum
1046 2678 1171 2759 quibus

226 2759 399 2822 hominum
423 2776 532 2837 genus
553 2758 701 2838 undique
723 2759 898 2838 premitur:
921 2757 994 2820 haec
1015 2764 1085 2820 tam
1101 2759 1171 2821 late

225 2844 344 2917 patens
365 2839 535 2902 subversio
557 2856 788 2918 supremarum
821 2839 1000 2900 veritatum
1032 2838 1169 2919 quibus,

225 2922 396 2998 tamquam
418 2918 653 2990 fundamentis,
676 2919 831 2982 humanae
852 2918 1023 2981 societatis
1057 2920 1169 2980 status

226 3001 434 3060 continetur:
468 2999 538 3062 haec
569 2998 782 3076 ingeniorum
813 2997 983 3079 protervia
1004 2997 1169 3075 legitimae

226 3077 388 3219 cpp’usque
411 3079 584 3156 potestatis
605 3079 802 3158 impatiens:
827 3078 898 3140 haec
919 3081 1080 3157 perpetua
1102 3076 1172 3139 dis·

225 3157 253 3220 si
278 3158 387 3220 iorum
418 3175 539 3236 causa,
573 3158 660 3220 unde
691 3158 857 3221 intestina
889 3157 1168 3231 concertationes,

225 3255 315 3301 saeva
329 3242 362 3300 et
376 3241 516 3300 cruenta
531 3238 618 3301 bella
632 3237 800 3318 existunt3
823 3241 1037 3316 contemptus
1052 3239 1170 3316 legum

226 3335 300 3400 quae
321 3335 430 3381 mores
444 3319 568 3396 regunt
579 3318 812 3400 justitiamque
828 3322 985 3396 tuentur3
999 3317 1169 3380 fluxarum

226 3415 337 3460 rerum
359 3399 567 3478 inexplebilis
587 3397 752 3476 cupiditas
775 3404 808 3474 et
829 3404 1032 3462 aeternarnm
1046 3397 1170 3460 oblivio

226 3495 331 3560 nsque
355 3479 396 3542 ad
419 3495 580 3541 vesanum
603 3479 700 3540 illum
722 3477 883 3552 furorem,
907 3493 972 3560 quo
994 3481 1044 3539 tot
1057 3475 1173 3538 miseri

1278 135 1279 202 i

430 1472 710 1539 vannutntnns
735 1474 919 1540 FRATRES
