2496 4172
509 224 690 286 -llil-

126 331 197 392 sint
218 331 317 392 atate
336 329 400 392 hac
421 332 536 392 nostra
565 327 752 409 profutura.
785 331 834 393 lio
864 332 919 394 vel
948 332 1071 409 magis,

125 411 219 491 quod
238 409 359 472 horum
380 412 566 489 temporum
587 410 674 472 ratio
695 410 737 472 ad
758 410 894 474 illorum
909 413 1071 474 rationem

37 560 40 566 ,
126 491 282 570 pluribus
303 507 345 552 ex
365 490 491 552 caussis
511 488 644 552 videtur
664 489 834 554 accedere.
857 525 896 536 -
917 492 1074 565 Quemad-

127 570 267 633 modum
288 569 410 632 sacnlo
431 567 637 647 duodecimo,
665 570 713 632 ita
734 587 825 633 nnnc
855 586 922 633 non
955 588 1072 650 parurn

124 649 297 714 deferbuit
318 649 431 712 divina
452 649 591 712 caritas:
614 665 676 712 nec
696 650 780 712 levis
811 654 862 714 est
889 649 1072 713 officiorum

125 731 399 807 christianorum,
422 730 544 809 partim
565 730 788 808 ignoratione,
813 731 938 810 partim
962 732 1071 808 negli-

125 811 259 888 gentia,
281 809 500 890 perturbatio.
523 809 628 872 Simili
650 811 838 873 animorum
858 828 959 872 cursu
980 811 1073 873 simi·

128 890 286 972 libusque
306 889 435 964 studiis,
459 890 495 951 in
516 888 721 970 aucupandis
737 890 816 953 vita
830 889 1021 970 commodis,
1037 892 1071 953 in

126 968 363 1033 consectandis
383 969 479 1032 avide
500 969 729 1048 voluptatibus
758 971 908 1051 plerique
938 974 1071 1033 aetatem

125 1053 344 1114 consumunt.
367 1049 558 1112 Diffluentes
578 1051 727 1131 luxuria,
760 1069 821 1113 sua
852 1050 1070 1130 profundunt,

126 1131 241 1194 aliena
262 1133 440 1210 appetunt:
463 1129 682 1193 fraternitatis
702 1131 857 1193 hnmanae
878 1147 1001 1194 nomen
1014 1147 1071 1193 ex-

128 1211 299 1283 tollentes,
323 1211 421 1290 plura
441 1215 555 1272 tamen
575 1211 721 1274 fraterne
743 1211 860 1274 dicunt
890 1227 990 1292 qnam
1022 1211 1072 1274 fa-

125 1292 246 1354 ciunt:
267 1291 421 1354 feruntur
441 1290 530 1353 anim
552 1307 663 1354 amore
682 1292 745 1369 sui,
770 1298 804 1352 et
823 1291 884 1352 illa
912 1309 996 1370 erga
1024 1295 1071 1352 te-

128 1372 266 1434 nuiores
287 1374 387 1450 atque
407 1371 520 1450 inopes
541 1371 690 1450 genuina
710 1371 834 1434 caritas
848 1371 994 1452 quotidie
1008 1372 1072 1433 mi-

127 1451 258 1514 nuitur.
281 1487 316 1496 -
341 1451 402 1512 Per
416 1467 490 1514 eam
504 1456 635 1513 aetatem
649 1452 825 1530 multiplex
840 1451 1072 1530 Albigensium

127 1546 236 1611 error,
259 1530 464 1594 concitandis
494 1530 652 1594 adversus
684 1532 840 1595 Ecclesia
869 1535 1072 1610 potestatem

126 1611 249 1690 turbis,
283 1629 352 1673 una
381 1611 482 1674 simul
513 1611 683 1674 civitatem
713 1612 935 1691 perturbarat,
968 1615 1002 1672 et
1030 1610 1072 1671 ad

127 1690 299 1772 quoddam
321 1695 513 1754 socialisuii
535 1708 644 1767 genus
666 1692 833 1754 munierat
854 1691 929 1752 iter.
953 1689 1072 1752 Hodie·
1118 1734 1120 1740 -

126 1789 197 1852 que
217 1771 370 1834 similiter
390 1773 624 1834 Naturalismi
645 1771 794 1834 fautores
814 1777 1071 1850 propagatores-

129 1869 196 1931 que
216 1855 413 1930 creverunt3
438 1853 494 1932 qni
516 1853 652 1915 subesse
667 1851 823 1914 Ecclesiae
838 1855 989 1930 oportere
999 1866 1071 1929 per-

128 1931 286 1995 tinaciter
317 1938 454 2010 negant,
487 1934 521 1992 et
550 1931 696 2010 longius,
725 1949 790 2012 quo
811 1934 1070 1993 consentaneum

126 2019 193 2086 est,
216 2011 386 2091 gradatim
406 2012 633 2092 procedentes,
657 2029 699 2074 ne
721 2011 809 2073 civili
830 2011 963 2092 quidem
977 2014 1071 2090 pote-

129 2091 211 2154 stati
232 2095 391 2172 parcunt:
424 2093 494 2154 vim
526 2095 560 2154 et
590 2091 768 2154 seditiones
798 2091 833 2153 in
854 2093 977 2172 populo
998 2108 1072 2171 pro-

128 2171 233 2235 bant:
257 2172 427 2252 agrariam
447 2189 515 2234 rem
538 2176 687 2234 tentant:
710 2173 964 2250 proletariorum
979 2171 1072 2250 cupi-

127 2251 294 2316 ditatibus
307 2251 540 2314 blandiuntur:
557 2251 731 2314 domestici
746 2252 935 2332 publiciqne
947 2251 1077 2314 ordinis·

129 2332 350 2396 fundamenta
371 2331 557 2394 debilitant.

172 2413 212 2474 In
235 2413 286 2474 his
307 2412 413 2490 igitur
432 2415 483 2474 tot
503 2412 672 2492 tantisque
704 2411 937 2484 incommodis,
971 2409 1071 2491 probe

127 2491 332 2571 intelligitis,
356 2492 571 2555 venerabiles
591 2493 737 2571 Fratres,
761 2509 852 2570 spem
866 2490 1068 2553 sublevatio

126 2575 181 2636 nis
201 2589 271 2634 non
292 2572 451 2650 exiguam
471 2572 630 2635 collocari
645 2573 681 2633 in
695 2572 860 2634 institutis
882 2569 1072 2632 Francisca-

125 2653 218 2716 libus
239 2653 356 2716 merito
376 2670 484 2734 posse,
507 2653 536 2716 si
559 2651 656 2715 modo
678 2654 713 2714 in
734 2650 913 2732 pristinum
946 2651 1071 2711 statum

126 2735 361 2796 restituantur.
384 2769 423 2778 -
445 2733 491 2796 lis
513 2733 601 2795 enim
621 2731 829 2807 florentibus,
851 2729 946 2792 facile
977 2727 1073 2792 fiore-

127 2815 181 2876 ret
202 2815 237 2874 et
257 2811 338 2876 fides
365 2816 397 2875 et
421 2813 529 2893 pietas
560 2815 594 2875 et
625 2812 732 2874 omnis
762 2809 946 2873 christiana
975 2808 1068 2876 laus:

125 2893 344 2972 frangeretur
365 2894 462 2955 exlex
482 2893 685 2956 caducarum
699 2909 808 2953 rerum
824 2889 994 2970 appetitio,
1011 2906 1072 2951 nec

127 2972 349 3053 pertaederet,
372 2973 461 3054 quod
482 2974 665 3034 maximum
694 2976 794 3051 utque
825 2969 1073 3032 odiosissimum

127 3053 295 3134 plerisque
325 3056 464 3131 putatur
495 3069 590 3129 onus,
623 3051 764 3113 domitas
795 3049 916 3112 habere
946 3050 1072 3111 virtute

123 3131 353 3212 cupiditates(
364 3132 552 3195 Concordiae
575 3148 650 3194 vere
672 3130 827 3193 fraterna
841 3128 961 3192 vinclis
976 3129 1069 3193 colli·

127 3212 206 3290 gati
237 3212 419 3288 diligerent
449 3212 601 3275 homines
630 3211 717 3273 inter
748 3229 794 3289 se,
827 3209 1010 3289 egenisque
1038 3212 1072 3270 et

122 3292 344 3371 calamitosis,
368 3292 489 3372 qnippe
509 3289 692 3370 imaginem
713 3290 834 3352 Christi
862 3289 1068 3367 gerentibus,

123 3391 215 3448 eam,
239 3387 340 3452 quam
359 3387 421 3452 par
442 3375 503 3450 est,
537 3371 758 3434 reverentiam
793 3369 997 3434 adhiberent.
1031 3399 1072 3410 -·

193 3477 284 3544 Epiri.
301 3478 411 3545 Eucyol.
428 3477 528 3530 Leooc‘a
545 3479 599 3530 PP.
616 3477 697 3528 XIII
976 3473 1007 3524 11
