2484 4178
441 230 600 292 ...33-

60 342 275 417 permaneant:
291 337 438 418 reliquos
452 355 530 399 vero
551 355 665 400 omnes
687 356 727 401 ex
748 337 852 402 Vobis
876 339 996 417 singu·

61 419 142 481 latim
155 435 340 489 monemus,
358 415 441 480 nihil
456 417 559 481 Nobis
573 435 643 481 esse
659 418 831 497 antiquius
850 423 884 481 et
897 427 995 499 opta-

60 498 160 577 bilius,
186 516 287 580 quam
318 501 356 559 ut
387 497 558 578 sapientia
589 499 680 561 rivos
711 499 925 578 purissimos,
954 516 994 560 ex

57 579 199 656 angelico
215 580 355 640 Doctore
372 576 452 657 jugi
472 583 505 640 et
526 578 696 656 praedivite
712 595 797 640 vena
818 579 994 642 dimanan-

59 661 102 720 tes
120 657 276 722 studiosae
294 657 469 738 juventuti
499 660 595 737 large
622 659 818 739 copioseque
847 660 996 722 universi

62 739 240 818 prebeatis.

91 820 163 894 Qua
184 825 297 882 autem
319 818 468 896 iaciunt,
496 821 533 879 ut
564 835 689 896 magno
713 817 747 880 id
769 818 881 886 studio
903 819 984 881 veli-

58 915 133 974 mus,
148 900 246 979 plura
266 903 356 961 sunt.
371 935 412 944 -
435 898 601 977 Principio
616 898 760 978 quidem,
777 915 853 961 cum
876 899 910 960 in
929 899 992 962 hac

59 984 245 1058 tempestate
265 983 392 1051 nostra,
408 978 709 1041 machinationibus
725 987 757 1042 et
772 985 848 1042 astu
865 979 994 1042 fallacis

56 1058 224 1138 cujusdam
255 1059 451 1139 sapientia,
475 1060 656 1122 christiana
686 1059 769 1124 fides
800 1061 992 1140 oppugnari

56 1140 163 1218 soleat,
187 1140 301 1202 cuncti
329 1139 566 1218 adolescentes,
589 1140 645 1202 sed
670 1139 694 1201 ii
715 1140 914 1202 nominatim
936 1141 993 1220 qui

60 1218 86 1278 in
106 1219 259 1281 Ecclesia
284 1236 377 1298 spem
410 1223 635 1297 succrescunt,
658 1221 859 1300 pollentiae
890 1219 992 1282 robu-

58 1301 101 1360 sto
120 1298 281 1363 doctrinae
310 1298 434 1378 pabulo
466 1300 507 1362 ob
529 1317 601 1362 eam
623 1299 777 1362 caussam
805 1299 992 1362 enutriendi

57 1383 137 1459 sunt,
155 1383 193 1440 ut
214 1379 341 1441 viribus
361 1377 476 1458 validi,
493 1383 526 1441 et
547 1379 679 1459 copioso
701 1397 869 1442 armorum
892 1397 993 1460 appa-

59 1463 124 1520 ratu
145 1459 315 1538 instructi,
339 1464 469 1522 mature
500 1466 695 1522 assuescant
727 1477 879 1522 caussam
912 1461 992 1522 reli-

57 1538 161 1612 gionis
182 1538 315 1602 fortiter
335 1544 369 1602 et
389 1539 555 1620 sapienter
575 1556 687 1618 agere,
703 1542 825 1616 parata·
845 1557 990 1620 semper,

58 1617 230 1682 secuudum
261 1620 454 1699 Apostolica
484 1618 622 1697 monita,
645 1624 690 1682 cd
711 1623 992 1694 satisfactionem

57 1705 141 1761 cruci
162 1703 319 1776 poscenti
340 1701 518 1763 rotronem
538 1702 578 1762 tte
599 1716 652 1775 eo,
668 1717 745 1774 qum
761 1705 799 1761 tn
814 1702 912 1762 cobis
926 1703 990 1777 cst,

60 1793 105 1854 spe
126 1781 162 1859 ¹3
184 1783 219 1840 et
239 1782 424 1856 ecbortort
446 1785 485 1840 tn
506 1782 668 1849 doctrina
688 1783 910 1856 serrasicca
932 1785 992 1854 qut

59 1861 307 1940 contradicunt,
331 1877 481 1938 arguere
509 1861 532 1921 ².
558 1894 599 1904 -
628 1859 753 1922 Deinde
783 1859 920 1939 plurimi
951 1878 993 1921 ex

59 1936 90 1998 iis
108 1938 301 2002 hominibus
322 1942 391 2020 qui,
413 1939 603 2002 abalienato
625 1958 645 2001 a
666 1939 731 2002 fide
752 1940 876 2016 animo,
893 1940 991 2002 insti-

58 2020 120 2080 tuta
140 2018 311 2082 catholica
330 2019 484 2092 oderunt,
506 2021 613 2082 solam
631 2020 694 2082 sibi
709 2037 779 2082 esse
793 2021 991 2098 magistram

58 2113 89 2156 ac
108 2099 228 2162 ducem
249 2101 413 2162 rationem
433 2099 643 2180 profitentur.
661 2099 711 2164 Ad
733 2100 793 2163 hos
814 2105 927 2162 autem
942 2118 992 2162 sa-

60 2179 188 2258 nandos,
214 2183 248 2242 et
279 2180 315 2242 in
345 2179 492 2258 gratiam
524 2176 599 2241 cuin
621 2179 686 2242 fide
708 2181 873 2242 catholica
894 2181 991 2242 resti-

59 2259 201 2339 tuendos,
220 2264 339 2338 praeter
359 2261 615 2339 supernaturale
636 2260 695 2322 Dei
716 2261 889 2338 auxilium,
906 2260 992 2323 nihil

58 2353 120 2400 esse
141 2341 363 2420 opportunius
385 2339 598 2414 arbitramur,
623 2357 723 2420 quam
755 2340 896 2403 solidam
929 2342 991 2402 Pa-

59 2421 138 2480 trum
154 2425 190 2482 et
205 2419 487 2482 scholasticorum
509 2420 707 2499 doctrinam,
724 2421 781 2498 qui
800 2419 992 2483 firmissima

60 2497 126 2561 fidei
155 2499 396 2576 fundamenta,
421 2500 568 2561 divinam
600 2500 691 2563 illius
722 2500 901 2578 originem,
925 2519 994 2563 cer-

58 2585 117 2641 tam
131 2579 319 2658 veritatem,
336 2585 539 2657 argumenta
560 2580 679 2660 quibus
700 2579 869 2656 suadetur,
893 2581 992 2644 bene-

59 2657 124 2720 ticia
153 2660 191 2721 in
223 2660 409 2722 humanum
441 2677 549 2738 genus
581 2661 721 2739 collata,
744 2661 990 2740 perfectamque

57 2753 123 2800 cum
153 2739 287 2801 ratione
316 2740 527 2802 concordiam
555 2743 652 2802 tanta
682 2741 851 2803 evidentia
886 2744 919 2802 et
955 2741 990 2803 vi

58 2822 335 2896 commonstrant,
369 2824 496 2900 quanta
529 2819 703 2882 flectendis
739 2820 906 2883 mentibus
938 2823 993 2885 vel

59 2900 191 2961 maxime
213 2899 328 2962 invitis
349 2907 382 2962 et
396 2900 665 2980 repugnantibus
685 2900 815 2963 abunde
829 2901 985 2964 sufficiat.

92 2978 278 3042 Domestica
293 2997 383 3059 vero,
407 2987 506 3061 atque
526 2979 632 3042 civilis
653 2981 726 3060 ipsa
747 2983 901 3059 societas,
918 3000 992 3063 quae

56 3054 93 3116 ob
113 3075 347 3138 perversarum
368 3059 562 3140 opinionum
583 3065 709 3139 pestem
738 3065 862 3142 quanto
889 3064 923 3124 in
945 3062 993 3124 di-

55 3137 203 3201 scrimine
225 3142 390 3219 versetur,
413 3140 561 3202 universi
588 3142 815 3220 perspicimus,
839 3141 989 3221 proiecto

58 3219 197 3290 pacatior
217 3218 325 3282 multo
350 3225 383 3281 et
403 3221 553 3284 securior
567 3221 777 3302 consisteret,
801 3224 829 3284 si
849 3223 885 3283 in
906 3225 992 3284 Aca-

85 3355 93 3388 ¹
107 3357 120 3407 I
135 3359 199 3412 Pet.
216 3377 260 3424 111,
277 3360 314 3412 15.
551 3363 562 3396 ²
579 3362 636 3416 Tit.
652 3380 671 3427 1,
688 3365 710 3415 9.

113 3473 204 3542 Epist.
220 3477 332 3544 Encpot.
350 3477 449 3536 Leonis
467 3479 521 3532 ΡΡ.
538 3479 619 3530 XIII
911 3478 928 3526 3
