2484 4178
529 295 718 352 ..5..·

114 397 228 458 ritum
257 413 427 472 cessuros,
460 397 488 459 si
522 397 695 460 catholica
728 398 881 462 Ecclesia
913 398 1062 462 doctrina

115 477 415 556 Romanorumque
445 475 644 540 Pontificum
674 479 875 557 auctoritas,
897 487 931 540 et
962 497 1061 560 penes

115 557 292 636 Principes
313 562 347 619 et
367 573 466 636 penes
487 560 639 637 populos,
661 558 772 622 debito
793 575 922 637 semper
943 560 979 622 in
1002 561 1062 623 ho-

114 654 201 700 nore
223 637 410 700 mansisset.
434 642 592 701 Ecclesia
619 655 764 720 namque
786 643 848 702 Det
869 645 964 718 vict,
988 658 1062 720 quae

116 723 284 781 columae
304 722 355 779 est
375 719 409 778 et
429 721 689 792 (tenementum
710 722 873 782 calcatis
896 721 919 798 ¹,
936 737 993 783 eas
1006 720 1061 783 do-

45 811 48 816 ·
117 795 248 860 ctrinas
269 801 303 860 et
323 801 489 878 praecepta
509 798 622 878 tradit,
646 799 766 879 quibus
786 801 955 863 societatis
975 801 1064 864 inco-

116 877 270 940 lumitati
292 881 325 940 et
345 877 450 958 quieti
472 880 619 958 apprime
639 878 852 960 prospicitur,
875 886 910 942 et
932 880 1063 944 nefasta

118 956 307 1020 Socialismi
330 975 479 1038 propago
500 958 659 1021 radicitus
680 960 845 1023 evellitur.
1065 1008 1069 1014 .

161 1039 370 1117 Quamquam
390 1038 561 1101 enimvero
583 1039 764 1101 socialistae
786 1042 858 1120 ipso
876 1041 1061 1118 Evangelio

116 1118 318 1194 abutentes,
346 1118 388 1180 ad
418 1120 646 1181 malecautus
676 1117 808 1182 facilius
840 1120 1060 1200 decipiendos,

117 1197 207 1260 illud
235 1197 277 1259 ad
299 1215 396 1260 suam
426 1201 626 1262 sententiam
657 1199 850 1281 detorquere
881 1218 1061 1264 consueve-

116 1279 201 1356 rint,
218 1281 331 1339 tamen
352 1283 449 1341 teuta
469 1286 519 1342 est
540 1280 626 1340 inter
641 1297 756 1343 eorum
777 1297 882 1361 prava
902 1280 1062 1359 dogmata

118 1361 155 1420 et
190 1358 403 1434 purissimam
436 1357 553 1421 Christi
589 1359 775 1423 doctrinam
809 1360 991 1440 dissensio,
1024 1371 1062 1422 ut

118 1436 220 1499 nulla
240 1437 346 1517 major
366 1439 509 1501 existat:
535 1445 617 1508 Quae
640 1445 734 1502 euim
753 1444 983 1518 participatio
999 1447 1059 1516 ,lu-

118 1519 236 1580 stitloe
257 1535 335 1579 cunt
356 1522 567 1594 iniquitute?
594 1523 658 1582 aut
689 1536 766 1594 quoe
797 1524 946 1584 sociatas
976 1526 1062 1584 lucis

118 1601 168 1660 act
183 1599 342 1661 tenebras
355 1597 397 1660 2?
419 1600 445 1661 Ii
467 1600 615 1680 profecto
637 1599 790 1662 dictitare
811 1619 877 1664 non
893 1601 1060 1678 desinunt,

117 1684 160 1739 ut
180 1679 364 1756 innuimus,
381 1678 532 1742 homines
553 1697 624 1742 esse
645 1680 732 1741 iuter
752 1698 786 1742 se
807 1684 929 1742 natura
951 1699 1062 1761 aequa-

117 1759 182 1836 les,
206 1757 343 1838 ideoque
375 1760 580 1822 contendunt
610 1777 671 1822 nec
703 1759 871 1838 maJestati
900 1761 1061 1823 honorem

118 1855 162 1899 ac
183 1838 415 1916 reverentiam,
439 1857 500 1901 nec
531 1839 675 1918 legibus,
698 1840 764 1901 nisi
793 1839 879 1904 forte
909 1840 952 1902 ab
982 1841 1062 1919 ipsis

118 1917 165 1980 ad
185 1919 345 1998 placitum
367 1920 513 1994 sancitis,
537 1920 761 1982 obedientiam
783 1919 904 1983 deberi.
921 1955 961 1964 -
981 1923 1063 1984 Con-

116 2002 175 2059 tra
194 2016 284 2077 vero,
299 2016 340 2061 ex
355 1999 566 2078 Evangelicis
588 1999 803 2077 documentis,
827 2019 866 2062 ea
886 2004 936 2064 est
955 2000 1062 2064 homi-

117 2095 204 2141 uum
226 2079 409 2160 aequalitas,
432 2084 471 2141 ut
501 2097 615 2142 omnes
645 2079 793 2142 eamdem
815 2085 970 2142 naturam
991 2098 1061 2143 sor-

117 2157 189 2236 titi,
211 2158 253 2220 ad
285 2158 436 2222 eamdem
457 2159 601 2222 filiorum
633 2160 691 2222 Dei
711 2160 930 2223 celsissimam
952 2162 1062 2238 digni-

117 2241 227 2300 tatem
247 2244 419 2316 vocentur,
443 2239 609 2320 simulque
640 2244 678 2301 ut
706 2256 772 2302 uno
794 2241 975 2322 eodemque
996 2241 1061 2303 fine

119 2317 276 2380 omnibus
295 2320 493 2399 praestituto,
510 2319 635 2398 singuli
657 2320 839 2382 secundum
852 2321 1002 2384 eamdem
1016 2322 1061 2383 le·

117 2416 200 2478 gem
218 2397 390 2477 judicandi
404 2399 483 2480 sint,
499 2416 612 2478 poeuas
633 2403 691 2461 aut
714 2402 896 2463 mercedem
917 2419 978 2481 pro
993 2418 1062 2463 me·

118 2478 187 2540 rito
202 2479 424 2542 consecuturi.
443 2480 657 2559 lnaequalitas
678 2483 790 2542 tamen
808 2480 896 2560 juris
917 2484 950 2543 et
971 2484 1062 2560 pote-

117 2558 220 2620 statis
244 2559 286 2620 ab
313 2560 383 2638 ipso
414 2563 545 2622 naturae
570 2563 715 2622 Auctore
746 2560 905 2640 dimanat,
929 2579 975 2624 ec
995 2578 1060 2635 quo

103 2643 236 2708 ,omnis
253 2641 455 2714 paternitas
477 2645 515 2702 lu
531 2646 632 2702 cletis
660 2641 693 2702 ct
721 2645 760 2702 lu
783 2643 880 2702 terra
900 2646 1062 2702 uomica-

118 2720 182 2780 ίαν
203 2719 226 2778 3.
251 2719 444 2799 Principum
465 2727 576 2782 autem
597 2720 855 2782 atsubditorum
870 2720 1061 2783 animimu-

116 2797 188 2860 tuis
208 2797 325 2861 officiis
345 2804 379 2862 et
397 2799 541 2880 juribus,
564 2799 748 2862 secundum
779 2800 975 2862 catholicam
1007 2800 1062 2863 do-

115 2878 262 2940 ctrinam
284 2898 321 2942 ac
343 2885 520 2960 praecepta,
544 2880 592 2942 ita
616 2879 863 2959 devinciuntur,
886 2883 924 2941 ut
945 2883 979 2942 et
1000 2881 1061 2942 im-

114 2957 259 3037 perandi
292 2963 498 3040 temperetur
532 2959 655 3038 libid0,
683 2966 716 3021 et
747 2960 944 3022 obedientiae
975 2961 1060 3024 ratio

113 3037 239 3118 facilis,
253 3039 351 3101 firma
372 3043 406 3101 et
425 3039 632 3103 nobilissima
653 3039 829 3103 efficiatur.

155 3119 244 3181 Sane
266 3120 414 3182 Ecclesia
434 3119 594 3200 subjectae
608 3119 816 3182 multitudini
831 3121 1058 3200 Apostolicum
1101 3135 1104 3141 ·

112 3205 321 3280 praeceptum
338 3199 471 3278 jugiter
481 3201 644 3262 inculcat:
661 3204 738 3262 Nou
752 3203 804 3264 est
816 3203 970 3278 potestus
987 3206 1059 3263 uisi
1133 3276 1134 3280 Ἰ

112 3297 136 3343 a
161 3283 254 3358 Dco;
277 3297 354 3354 quaa
374 3281 609 3358 autemeam,
632 3297 655 3343 u
677 3285 745 3343 Deo
768 3283 942 3344 ordinatae
962 3283 1056 3343 suut.

115 3361 248 3434 ltaque
263 3364 322 3434 qut
336 3362 473 3424 resistit
485 3363 665 3441 potestati,
687 3365 748 3423 Dei
769 3363 986 3424 ordinationi
1006 3377 1062 3422 re-

145 3475 157 3508 1
174 3474 192 3525 1
209 3473 282 3525 Tim.
298 3489 343 3537 111,
360 3475 399 3526 15.
621 3475 677 3526 ¹11
694 3475 757 3527 Gor.
773 3491 813 3540 vr,
831 3477 870 3528 14.

143 3537 157 3573 ³
172 3535 224 3588 Ad
239 3535 311 3600 Eph.
327 3553 369 3618 111,
386 3539 427 3592 15.
